@article{Dholakia:2006vn,
author = {Dholakia, R R},
title = {{Gender and IT in the household: Evolving patterns of Internet use in the United States}},
journal = {The Information Society},
year = {2006},
volume = {22},
number = {4},
pages = {231--240}
}

