% ------------------------------------------------------------------------
% SAMPLE BIBLIOGRAPHY FILE
% ------------------------------------------------------------------------

@MISC{prime-number-theorem,
   author = "Charles Louis Xavier Joseph de la Vall{\'e}e Poussin",
   note = "A strong form of the prime number theorem, 19th century" }

% ------------------------------------------------------------------------

@BOOK{texbook,
   author = "Donald E. Knuth",
   title= "The {{\TeX}book}",
   publisher = "Addison-Wesley",
   year = 1984 }

@BOOK{latex,
   author = "Leslie Lamport",
   title = "{\LaTeX:} {A} Document Preparation System",
   publisher = "Addison-Wesley",
   year = 1986 }

% ------------------------------------------------------------------------

@BOOK{RR73,
 author={H. Radjavi and P. Rosenthal},
 title={Invariant {Subspaces}},
 publisher={Springer-Verlag},
 address={New York},
 year={1973},
}

@BOOK{Aup91,
 author={B. Aupetit},
 title={A {Primer} on {Spectral} {Theory}},
 publisher={Springer-Verlag},
 address={New York},
 year={1991},
}

@BOOK{Dou72,
 author={R. G. Douglas},
 title={Banach {Algebra} {Techniques} in {Operator} {Theory}},
 publisher={Academic Press},
 address={New York},
 year={1972},
}

@BOOK{Hal82,
 author={P. R. Halmos},
 title={A {Hilbert} {Space} {Problem} {Book}},
 edition={Second},
 publisher={Springer-Verlag},
 address={New York},
 year={1982},
}

@BOOK{Rud73,
 author={W. Rudin},
 title={Functional {Analysis}},
 publisher={McGraw-Hill},
 address={New York},
 year={1973},
}

@BOOK{Con90,
 author={J. B. Conway},
 title={A {Course} in {Functional} {Analysis}},
 edition={Second},
 publisher={Springer-Verlag},
 address={New York},
 year={1990},
}

@BOOK{Con78,
 author={J. B. Conway},
 title={Functions of {One} {Complex} {Variable}},
 publisher={Springer-Verlag},
 address={New York},
 year={1978},
}

@BOOK{KR83,
 author={R. V. Kadison and J. R. Ringrose},
 title={Fundamentals of the {Theory} of {Operator} {Algebras},
        {Part} {I}},
 publisher={Academic Press},
 address={New York},
 year={1983},
}

@BOOK{KR86,
 author={R. V. Kadison and J. R. Ringrose},
 title={Fundamentals of the {Theory} of {Operator} {Algebras},
        {Part} {II}},
 publisher={Academic Press},
 address={New York},
 year={1986},
}

@INBOOK{SFPT,
 author={N. Dunford and J. T. Schwartz},
 title={Linear {Operators},
        {Part} {I}: {General} {Theory}},
 pages={456},
 publisher={Interscience},
 address={New York},
 year={1957},
}

@BOOK{DS57,
 author={N. Dunford and J. T. Schwartz},
 title={Linear {Operators},
        {Part} {I}: {General} {Theory}},
 publisher={Interscience},
 address={New York},
 year={1957},
}

@BOOK{Gan59,
 author={F. R. Gantmacher},
 title={Applications of the {Theory} of {Matrices}},
 publisher={Interscience},
 address={New York},
 year={1959},
}

@BOOK{Pau86,
 author={Vern I. Paulsen},
 title={Completely bounded maps and dilations},
 series={Pitman Research Notes in Mathematics Series},
 volume={146},
 publisher={Longman Scientific \& Technical},
 address={Harlow UK},
 year={1986},
}

@BOOK{Dav88,
 author={Kenneth R. Davidson},
 title={Nest algebras},
 series={Pitman Research Notes in Mathematics Series},
 volume={191},
 publisher={Longman Scientific \& Technical},
 address={Harlow UK},
 year={1988},
}

@BOOK{Spi65,
 author={Michael Spivak},
 title={Calculus on {Manifolds}},
 publisher={The Benjamin/Cummings Publishing Company},
 address={New York},
 year={1965},
}

@BOOK{Dev68,
 author={Allen Devinaz},
 title={Advanced {Calculus}},
 publisher={Holt, Rinehart and Winston},
 address={New York},
 year={1968},
}

@BOOK{Gam90,
 editor={R. V. Gamkerlidze},
 title={Analysis {I}{I}: {Convex} {Analysis} and
        {Approximation} {Theory}},
 series={Encyclopaedia of Mathematical Sciences},
 volume={14},
 publisher={Springer-Verlag},
 address={New York},
 year={1990},
}

@BOOK{Hen93,
 author={Peter Henderson},
 title={Object-oriented specification and design with {C}$++$},
 publisher={McGraw-Hill},
 address={London},
 year={1993},
}

% ------------------------------------------------------------------------

@ARTICLE{Rea85,
 author={C. J. Read},
 title={A solution to the invariant subspace problem on the space $l_1$},
 journal={Bull. London Math. Soc.},
 volume={17},
 year={1985},
 pages={305-317},
}

@ARTICLE{Enf87,
 author={P. Enflo},
 title={On the invariant subspaces problem for {Banach} spaces},
 journal={Acta. Math.},
 note={Seminare Maurey-Schwartz (1975-1976)},
 volume={158},
 year={1987},
 pages={213-313},
}

@ARTICLE{Dau75,
 author={J. Daughtry},
 title={An invariant subspace theorem},
 journal={Proc. Amer. Math. Soc.},
 volume={49},
 year={1975},
 pages={267-268},
}

@ARTICLE{KPS75,
 author={H. W. Kim and C. Pearcy and A. L. Shields},
 title={Rank-One Commutators and Hyperinvariant Subspaces},
 journal={Michigan Math. J.},
 volume={22},
 number={3},
 year={1975},
 pages={193-194},
}

% --------------------------------------------------------------------------

@ARTICLE{Rad87,
 author={H. Radjavi},
 title={The {Engel}-{Jacobson} {Theorem} {Revisited}},
 journal={J. Alg.},
 volume={111},
 year={1987},
 pages={427-430},
}

@ARTICLE{MOR91,
 author={B. Mathes and M. Omladi\v{c} and H. Radjavi},
 title={Linear {Spaces} of {Nilpotent} {Operators}},
 journal={Linear Algebra Appl.},
 volume={149},
 year={1991},
 pages={215-225},
}

@ARTICLE{Lom73,
 author={V. I. Lomonosov},
 title={Invariant subspaces for operators commuting with compact
        operators},
 journal={Functional Anal. Appl.},
 volume=7,
 year=1973,
 pages="213-214",
}

@ARTICLE{Lom91,
 author={V. I. Lomonosov},
 title={An extension of {Burnside}'s theorem to infinite
        dimensional spaces},
 journal={Israel J. Math},
 volume=75,
 year=1991,
 pages="329-339",
}

@ARTICLE{Lom92,
 author={V. I. Lomonosov},
 title={On {Real} {Invariant} {Subspaces} of {Bounded} {Operators} with
       {Compact} {Imaginary} {Part}},
 journal={Proc. Amer. Math. Soc.},
 volume=115,
 number=3,
 month=jul,
 year=1992,
 pages="775-777",
}

@ARTICLE{dB59,
 author={L. de Branges},
 title={The {Stone}-{Weierstrass} {Theorem}},
 journal={Proc. Amer. Math. Soc.},
 volume=10,
 year=1959,
 pages="822-824",
}

@ARTICLE{dB93,
 author={L. de Branges},
 title={A construction of invariant subspaces},
 journal={Math. Nachr.},
 volume=163,
 year=1993,
 pages="163-175",
}

@ARTICLE{AAB95,
 author={Y. A. Abramovich and C. D. Aliprantis and O. Burkinshaw},
 title={Another Characterization of the Invariant Subspace Problem},
 journal={Operator Theory in Function Spaces and Banach Lattices.
          {\em The A.C.\,Zaanen Anniversary Volume},
          Operator Theory: Advances and Applications},
 volume={75},
 year={1995},
 pages={15-31},
 note={Birkh\"auser Verlag},
}

@ARTICLE{LM65,
 author={Ju. I. Ljubi\v{c} and V. I. Macaev},
 title={On Operators with a Separable Spectrum},
 journal={Amer. Math. Soc. Transl. (2)},
 volume={47},
 year={1965},
 pages={89-129},
}

% ------------------------------------------------------------------------

@MASTERSTHESIS{Sim90,
 author={A. Simoni\v{c}},
 title={Grupe Operatorjev s Pozitivnim Spektrom},
 school={Univerza v Ljubljani, FNT, Oddelek za Matematiko},
 year={1990},
}

@UNPUBLISHED{Sim91,
 author={A. Simoni\v{c}},
 title={Notes on {Subharmonic} {Functions}},
 note={Lecture Notes, Dalhousie University,
       Department of Mathematics, Statistics, \& Computing Science},
 year={1991},
}

@ARTICLE{Sim92,
 author={A. Simoni\v{c}},
 title={Matrix {Groups} with {Positive} {Spectra}},
 journal={Linear Algebra Appl.},
 volume={173},
 year={1992},
 pages={57-76},
}

@PHDTHESIS{Sim94,
 author={A. Simoni\v{c}},
 title={An {Extension} of {Lomonosov's} {Techniques} to {Non}-{Compact}
       {Operators}},
 school={Dalhousie University,
         Department of Mathematics, Statistics, \& Computing Science},
 year={1994},
}

@ARTICLE{Sim96a,
 author={A. Simoni\v{c}},
 title={A {Construction} of {Lomonosov} {Functions} and
       {Applications} to the {Invariant} {Subspace} {Problem}},
 journal={Pacific J. Math.},
 volume={175},
 pages={257-270},
 year={1996},
}

@ARTICLE{Sim96b,
 author={A. Simoni\v{c}},
 title={An extension of {Lomonosov's} {Techniques} to non-compact
       {Operators}},
 journal={Trans. Amer. Math. Soc.},
 volume={348},
 pages={975-995},
 year={1996},
}

% ------------------------------------------------------------------------



@string{ietf="{IETF}"}
@InProceedings{aggarwal09:_netpr,
  author =       {B. Aggarwal and R. Bhagwan and T. Das and S. Eswaran
                  and V.N. Padmanabhan and G.M. Voelker},
  title =        {NetPrints: Diagnosing Home Network Misconfigurations
                  Using Shared Knowledge},
  booktitle =    {Proc. USENIX NSDI},
  year =         2009,
  address =      {Boston, MA, USA},
  month =        apr # "~22--24"
}

@Article{arasu05:_cql,
  author =       {A. Arasu and S. Babu and J. Widom},
  title =        {The {CQL} continuous query language: semantic
                  foundations and query execution},
  journal =      {The VLDB Journal},
  year =         2005,
  volume =       15,
  number =       2,
  month =        jun
}

@InProceedings{balfanz04:_networ,
  author =       {D. Balfanz and G. Durfee and R.E. Grinter and
                  D.K. Smetters and P. Stewart},
  title =        {Network-in-a-box: how to set up a secure wireless
                  network in under a minute},
  booktitle =    {Proc. USENIX Security},
  year =         2004,
  ofaddress =      {San Diego, CA, USA}
}

@Article{blumenthal01:_rethin_desig_inter,
  author =       {M. Blumenthal and D. Clark},
  title =        {Rethinking the Design of the Internet: The
                  End-to-End Argument vs. the Brave New World},
  journal =      {ACM Transactions on Internet Technology},
  year =         2001
}

@Book{brand94:_how_build_learn,
  author =       {S. Brand},
  title =        {How Buildings Learn: What Happens After They're
                  Built},
  publisher =    {Viking},
  year =         1994,
  address =      {New York}
}

@InProceedings{calvert07:_movin_towar_middl,
  author =       {K. Calvert and W.K. Edwards and R. Grinter},
  title =        {Moving Toward the Middle: The Case Against the
                  End-to-End Argument in Home Networking},
  booktitle =    {Proc. HOTNETS},
  year =         2007,
  ofaddress =      {Atlanta, GA, USA},
  ofmonth =        nov # "~14--15"
}

@InProceedings{calvert10:_instr_home_networ,
  author =       {K. Calvert and K.W. Edwards and N. Feamster and
                  R. Grinter and Y. Deng and X. Zhou},
  title =        {Instrumenting Home Networks},
  booktitle =    {Proc. ACM HOMENETS},
  year =         2010,
  ofaddress =      {New Delhi, India},
  ofmonth =        sep # "~3"
}

@InProceedings{casado07:_ethan,
  author =       {M. Casado and M. Freedman and J. Pettit and
                  N. McKeown and S. Shenker},
  title =        {Ethane: Taking Control of the Enterprise},
  booktitle =    {Proc. ACM SIGCOMM},
  year =         2007,
  ofaddress =      {Kyoto, Japan},
  ofmonth =        aug # "~27--31"
}

@InProceedings{chetty07:_how_smart_homes_learn,
  author =       {M. Chetty and J.-Y. Sung and R.E. Grinter},
  title =        {How Smart Homes Learn: The Evolution of the
                  Networked Home and Household},
  year =         2007,
  OFaddress =      {Innsbr\"{u}ck, Austria},
  ofmonth =        sep # "~16--19",
  booktitle =    {Proc. UbiComp},
  ofpages =        {127--144}
}

@InProceedings{cooke06:_reclaim,
  author =       {E. Cooke and R. Mortier and A. Donnelly and
                  P. Barham and R. Isaacs},
  title =        {Reclaiming network-wide visibility using ubiquitous
                  endsystem monitors},
  booktitle =    {Proc. USENIX ATC},
  ofpages =        {257--262},
  year =         2006,
  ofaddress =      {Boston, MA, USA},
  ofmonth =        jun
}

@InProceedings{crabtree03:_findin_place_ubicom_home,
  author =       {A. Crabtree and T. Rodden and T. Hemmings and
                  S. Benford},
  title =        {Finding a Place for UbiComp in the Home},
  booktitle =    {Proc. UbiComp},
  ofpages =        {208--226},
  year =         2003,
  ofaddress =      {Seattle, WA, USA},
  ofmonth =        oct # "~12--15",
  ofpublisher =    {Springer}
}

@InProceedings{grinter05:_work_make_home_networ_work,
  author =       {R.E. Grinter and W.K. Edwards},
  title =        {The Work to Make the Home Network Work},
  booktitle =    {Proc. ECSCW},
  ofpages =        {469--488},
  year =         2005,
  ofaddress =      {Paris, France},
  ofmonth =        sep # "~18--22"
}

@InProceedings{joumblatt10:_hostv,
  author =       {D. Joumblatt and R. Teixeira and J. Chandrashekar
                  and N. Taft},
  title =        {{HostView}: Annotating end-host performance
                  measurements with user feedback},
  booktitle =    {Proc. ACM HOTMETRICS},
  year =         2010,
  ofaddress =      {New York, NY, USA},
  ofmonth =        jun # "~18"
}

@InProceedings{kandula09:_detail,
  author =       {S. Kandula and R. Mahajan and P. Verkaik and
                  S. Agarwal and J. Padhye and P. Bahl},
  title =        {Detailed diagnosis in enterprise networks},
  booktitle =    {Proc. ACM SIGCOMM},
  year =         2009,
  ofaddress =      {Barcelona, Spain},
  ofmonth =        aug # "~17--21"
}

@InProceedings{karagiannis08:_networ,
  author =       {T. Karagiannis and R. Mortier and A. Rowstron},
  title =        {Network exception handlers: Host-network control in
                  enterprise networks},
  booktitle =    {Proc. ACM SIGCOMM},
  year =         2008,
  ofaddress =      {Seattle, WA, USA},
  ofmonth =        aug # "~17--22"
}

@Unpublished{mckeown:_openf,
  author =       {N. McKeown and T. Anderson and H. Balakrishnan and
                  G. Parulkar and L. Peterson and J. Rexford and
                  S. Shenker and J. Turner},
  title =        {{OpenFlow}: Enabling Innovation in College Networks},
  note =         {whitepaper,
                  \url{http://www.openflowswitch.org/wp/documents/}}
}

@InProceedings{olsson05:_linux_packet_gener,
  author =       {R. Olsson},
  title =        {\emph{pktgen}, the Linux Packet Generator},
  booktitle =    {Proc. Linux Symposium},
  ofpages =        {11--24},
  year =         2005,
  ofvolume =       2,
  ofaddress =      {Ottawa, ON, Canada},
  ofmonth =        jul # "~20--23"
}

@TechReport{rfc:2131,
  key =          {RFC2131},
  author =       {R.~Droms},
  title =        {{D}ynamic {H}ost {C}onfiguration {P}rotocol},
  institution =  ietf,
  year =         1997,
  type =         {RFC},
  number =       2131,
  month =        mar,
  annote =       {(Format: TXT=113738 bytes) (Obsoletes RFC1541)
                  (Updated by RFC3396, RFC4361, RFC5494) (Status:
                  DRAFT STANDARD)},
}

@TechReport{rfc:3748,
  key =          {RFC3748},
  author =       {B.~Aboba and L.~Blunk and J.~Vollbrecht and
                  J.~Carlson and H.~Levkowetz and Ed.},
  title =        {{E}xtensible {A}uthentication {P}rotocol
                  ({E}{A}{P})},
  institution =  ietf,
  year =         2004,
  type =         {RFC},
  number =       3748,
  month =        jun,
  annote =       {(Format: TXT=157994 bytes) (Obsoletes RFC2284)
                  (Updated by RFC5247) (Status: PROPOSED STANDARD)},
}

@TechReport{rfc:826,
  key =          {RFC826},
  author =       {D.~Plummer},
  title =        {{E}thernet {A}ddress {R}esolution {P}rotocol: {O}r
                  {C}onverting {N}etwork {P}rotocol {A}ddresses to
                  48.bit {E}thernet {A}ddress for {T}ransmission on
                  {E}thernet {H}ardware},
  institution =  ietf,
  year =         1982,
  type =         {RFC},
  number =       826,
  month =        nov,
  annote =       {(Format: TXT=21556 bytes) (Updated by RFC5227,
                  RFC5494) (Also STD0037) (Status: STANDARD)},
}

@TechReport{rfc:917,
  key =          {RFC917},
  author =       {J.C.~Mogul},
  title =        {{I}nternet subnets},
  institution =  ietf,
  year =         1984,
  type =         {RFC},
  number =       917,
  month =        oct,
  annote =       {(Format: TXT=47072 bytes) (Status: UNKNOWN)},
}

@TechReport{rfc:925,
  key =          {RFC925},
  author =       {J.~Postel},
  title =        {{M}ulti-{L}{A}{N} address resolution},
  institution =  ietf,
  year =         1984,
  type =         {RFC},
  number =       925,
  month =        oct,
  annote =       {(Format: TXT=31137 bytes) (Status: UNKNOWN)},
}

@InProceedings{rodden04:_between,
  author =       {T. Rodden and A. Crabtree and T. Hemmings and
                  B. Koleva and J. Hunble and K.-P. Akesson and
                  P. Hansson},
  title =        {Between the dazzle of a new building and its
                  eventual corpse: assembling the ubiquitous home},
  booktitle =    {Proc. ACM DIS},
  ofpages =        {71--80},
  year =         2004,
  ofaddress =      {Cambridge, MA, USA}
}

@Article{rodden04:_domes,
  author =       {T. Rodden and A. Crabtree},
  title =        {Domestic routines and design for the home},
  journal =      {Computer Supported Cooperative Work: The Journal of
                  Collaborative Computing},
  year =         2004,
  ofvolume =       13,
  ofnumber =       2,
  ofpages =        {191--220}
}

@InBook{rodden07:_disap_comput,
  author =       {T. Rodden and A. Crabtree and T. Hemmings and
                  B. Koleva and J. Hunble and K.-P. Akesson and
                  P. Hansson},
  title =        {Assembling connected cooperative residential
                  domains},
  note =         {In \emph{The Disappearing Computer: Interaction
                  Design, System Infrastructures and Applications for
                  Smart Environments} (eds. Streitz, N., Kameas, A.,
                  and Mavrommati, I.)},
  publisher =    {Springer},
  year =         2007,
  pages =        {120--142}
}

@InProceedings{shehan07:_home_networ_hci,
  author =       {E. Shehan and W.K. Edwards},
  title =        {Home Networking and {HCI}: What Hath {God} Wrought?},
  booktitle =    {Proc. ACM CHI},
  year =         2007
}

@InProceedings{shehanpoole08:_desig_inter_home_networ_maint_tools,
  author =       {E. Shehan-Poole and M. Chetty and W.K. Edwards and
                  R.E. Grinter},
  title =        {Designing Interactive Home Network Maintenance
                  Tools},
  booktitle =    {Proc. ACM DIS},
  year =         2008,
  ofaddress =      {Cape Town, South Africa}
}

@InProceedings{sung07:_my_roomb_rambo,
  author =       {J.-Y. Sung and L. Guo and R.E. Grinter and
                  H.I. Christensen},
  title =        {My Roomba is Rambo: Intimate Home Appliances},
  booktitle =    {Proc. UbiComp},
  ofpages =        {145--162},
  year =         2007,
  ofaddress =      {Innsbr\"{u}ck, Austria},
  OFmonth =        sep # "~16--19"
}

@InProceedings{sventek11:_infor_plane_archit_suppor_home_networ_manag,
  author =       {J. Sventek and A. Koliousis and O. Sharma and
                  N. Dulay and D. Pediaditakis and M. Sloman and
                  T. Rodden and T. Lodge and B. Bedwell and K. Glover
                  and R. Mortier},
  title =        {An Information Plane Architecture Supporting Home
                  Network Management},
  booktitle =    {Proc. IM},
  year =         2011
}

@InProceedings{swindells02:_that,
  author =       {C. Swindells and K. Inkpen and J. Dill and M. Tory},
  title =        {That one there! Pointing to establish device
                  identity},
  booktitle =    {Proc. UIST},
  ofpages =        {151--160},
  year =         2002,
  ofaddress =      {Paris, France},
  ofmonth =        oct # "~27--30"
}

@InProceedings{tolmie07:_makin,
  author =       {P. Tolmie and A. Crabtree and T. Rodden and
                  C. Greenhalgh and S. Benford},
  title =        {Making the home network at home: digital
                  housekeeping},
  booktitle =    {Proceedings ECSCW},
  ofpages =        {331--350},
  year =         2007,
  ofaddress =      {Limerick, Ireland},
  ofmonth =        sep # "~24--28",
  ofpublisher =    {Springer}
}

@InProceedings{yang07:_icebox,
  author =       {J. Yang and W.K. Edwards},
  title =        {ICEbox: Toward Easy-to-Use Home Networking},
  booktitle =    {Proc. INTERACT},
  year =         2007,
  ofaddress =      {Rio de Janeiro, Brazil},
  ofmonth =        sep
}

@InProceedings{yang10:_eden,
  author =       {J. Yang and W.K. Edwards and D. Haslem},
  title =        {Eden: Supporting home network management through
                  interactive visual tools},
  booktitle =    {Proc. UIST},
  ofpages =        {109--118},
  year =         2010,
  ofaddress =      {New York, NY, USA},
  ofmonth =        oct #"~3--6"
}

@InProceedings{wmust2011,
  author =	 {Pat Brundell and Andy Crabtree and Richard Mortier
                  and Tom Rodden and Paul Tennent and Peter Tolmie},
  title =	 {The Network from Above and Below},
  ofbooktitle =	 {Proc. ACM SIGCOMM Workshop on Measurements Up the
                  STack (W-MUST)},
  booktitle =	 {Proc. ACM SIGCOMM W-MUST},
  year =	 2011,
  ofaddress =	 {Toronto, Canada},
  ofmonth =	 aug,
  ofnote =	 {To appear}
}

@InProceedings{mortier11:_suppor_novel_home_networ_manag,
  author =       {Richard Mortier and Ben Bedwell and Kevin Glover and Tom Lodge and Tom Rodden and Charalampos Rotsos and Andrew W. Moore and Alexandros Koliousis and Joseph Sventek},
  title =        {Supporting Novel Home Network Management Interfaces with {OpenFlow} and {NOX}},
  booktitle = {Proc. ACM SIGCOMM},
  year =      2011,
  ofaddress =   {Toronto, ON, Canada},
  ofmonth =     aug # "~15--19",
  note =      {demo abstract}}


@string{PIEEE = "Proc.\ of the IEEE"}
@string{IEEEJSAC = "IEEE J.\ Selected Areas in Communications"}
@string{IEEETN = "IEEE/ACM Trans.\ Networking"}
@string{IEEETCOM = "IEEE Trans.\ Communications"}
@string{IEEETIT = "IEEE Trans.\ Information Theory"}
@string{INTERNETWORK = "Journal of Internetworking: Research and Experience"}
@string{IJDACS = "Int.\ Journal on Digital and Analog Communication Systems"}
@string{IJCS = "Int.\ Journal on Communication Systems"}
@string{ACMTCS = "ACM Trans.\ Computer Systems"}
@string{JACM = "J.\ of the ACM"}
@string{MTA = "Multimedia Tools and Applications"}
@string{CC = "Computer Communications"}
@string{COMNET = "Computer Networks"}
@string{IPJ = "Internet Protocol Journal"}

%%% Magazines
@string{CACM = "Communications of the ACM"}
@string{COMPUTER = "IEEE Computer Magazine"}
@string{IEEECOM = "IEEE Communication Magazine"}
@string{IEEENET = "IEEE Network Magazine"}
@string{CCR = "ACM CCR"}

%%% Conferences
@string{INFOCOM = "IEEE INFOCOM"}
@string{GLOBECOM = "IEEE GLOBECOM"}
@string{GINET = "IEEE Global Internet"}
@string{INET = "INET"}
@string{SIGCOMM = "ACM SIGCOMM"}
@string{CCS = "ACM CCS"}
@string{TSWS = "ACM SIGCOMM Network Troubleshooting Workshop"}
@string{PAM = "PAM"}
@string{IMC = "ACM IMC"}
@string{WWW = "ACM WWW"}
@string{IMW = "ACM IMW"}
@string{CONEXT = "ACM CoNEXT"}
@string{SIGMETRICS = "ACM SIGMETRICS"}
@string{HSNMC="High Speed Networking and Multimedia Computing Symp."}
@string{ICNP = "ICNP"}
@string{ICC = "International Conference on Communications"}
@string{FTCS = "International Symposium on Fault-Tolerant Computing"}
@string{FREENIX = "Freenix"}
@string{USENIX = "Usenix"}
@string{PRDC = "PRDC"}
@string{NSDI="NSDI"}
@string{OSDI="OSDI"}
@string{UFSI = "USENIX Conf.\ on File and Storage Technologies"}
@string{HOTNETS = "ACM HotNets"}
@string{ITC = "ITC"}

@inproceedings{tm-presto,
 author = {Balestra, Giacomo and Luciano, Salvatore and Pizzonia, Maurizio and Vissicchio, Stefano},
 title = {Leveraging router programmability for traffic matrix computation},
 booktitle = {Proc. of PRESTO workshop},
 year = {2010}
} 

[download] 

@inproceedings{openflow-measurement-hotice,
 author = {Jose, Lavanya and Yu, Minlan and Rexford, Jennifer},
 title = {Online measurement of large traffic aggregates on commodity switches},
 booktitle = {Proc. of the USENIX HotICE workshop},
 year = {2011}
} 

@inproceedings{pam-accuracy,
 author = {Arlos, Patrik and Fiedler, Markus},
 title = {A method to estimate the timestamp accuracy of measurement hardware and software tools},
 booktitle = PAM,
 year = {2007}
} 

@inproceedings{opentm-pam,
 author = {Tootoonchian, Amin and Ghobadi, Monia and Ganjali, Yashar},
 title = {Open{TM}: traffic matrix estimator for OpenFlow networks},
 booktitle = PAM,
 year = {2010}
} 


@article{McKeown08,
 author = {McKeown, Nick and Anderson, Tom and Balakrishnan, Hari and Parulkar, Guru and Peterson, Larry and Rexford, Jennifer and Shenker, Scott and Turner, Jonathan},
 title = {OpenFlow: enabling innovation in campus networks},
 journal = {SIGCOMM Comput. Commun. Rev.},
 volume = {38},
 issue = {2},
 month = {March},
 year = {2008},
 issn = {0146-4833},
 pages = {69--74},
 numpages = {6},
 url = {http://doi.acm.org/10.1145/1355734.1355746},
 doi = {http://doi.acm.org/10.1145/1355734.1355746},
 acmid = {1355746},
 publisher = {ACM},
 address = {New York, NY, USA},
 keywords = {ethernet switch, flow-based, virtualization},
}

# A survey on TCAM module 
@ARTICLE{pagiamtzis06, 
author={Pagiamtzis, K. and Sheikholeslami, A.}, 
journal={Solid-State Circuits, IEEE Journal of}, title={Content-addressable memory (CAM) circuits and architectures: a tutorial and survey}, 
year={2006}, 
month=march, 
volume={41}, 
number={3}, 
pages={ 712 - 727}, 
keywords={ NAND cell; NOR cell; bank selection; content addressable memory circuits; high-speed table lookup; lookup-table function; low-power matchline sensing techniques; matchline pipelining; network routers; packet classification; packet forwarding; parallel active circuitry; searchline driving; NAND circuits; NOR circuits; content-addressable storage; logic design; low-power electronics;}, 
doi={10.1109/JSSC.2005.864128}, 
ISSN={0018-9200},}

# an flow based application
@article{Chiba10,
 author = {Chiba, Yasunobu and Shinohara, Yusuke and Shimonishi, Hideyuki},
 title = {Source flow: handling millions of flows on flow-based nodes},
 journal = {SIGCOMM Comput. Commun. Rev.},
 issue_date = {October 2010},
 volume = {40},
 issue = {4},
 month = {August},
 year = {2010}
} 

# A description of a real deployment of openflow
@inproceedings{Yap09,
 author = {Yap, Kok-Kiong and Kobayashi, Masayoshi and Underhill, David and Seetharaman, Srinivasan and Kazemian, Peyman and McKeown, Nick},
 title = {The Stanford OpenRoads deployment},
 booktitle = {Proceedings of ACM WINTECH},
 year = {2009}
} 

# NetFPGA-based openflow implementation
@inproceedings{Naous08,
 author = {Naous, Jad and Erickson, David and Covington, G. Adam and Appenzeller, Guido and McKeown, Nick},
 title = {Implementing an OpenFlow switch on the {NetFPGA} platform},
 booktitle = {Proceedings of the 4th ACM/IEEE Symposium on Architectures for Networking and Communications Systems},
 series = {ANCS '08},
 year = {2008},
 isbn = {978-1-60558-346-4},
 location = {San Jose, California},
 pages = {1--9},
 numpages = {9},
 url = {http://doi.acm.org/10.1145/1477942.1477944},
 doi = {http://doi.acm.org/10.1145/1477942.1477944},
 acmid = {1477944},
 publisher = {ACM},
 address = {New York, NY, USA},
 keywords = {NetFPGA, OpenFlow, computer networks, flow switching, packet switching, programmable networks},
} 

# comparison of the performance of software openflow implementation focused on the switching plane
@INPROCEEDINGS{bianco10,
  author =	 {Bianco, A. and Birke, R. and Giraudo, L. and
                  Palacin, M.},
  booktitle =	 {IEEE ICC},
  title =	 {OpenFlow Switching: Data Plane Performance},
  month =	 {may},
  year =	 {2010},
}

@inproceedings{shaikh-igp,
 author = {Shaikh, Aman and Greenberg, Albert},
 title = {Experience in black-box OSPF measurement},
 booktitle = IMC,
 year = {2001}
} 


# Openflow spec.
@misc{openflow-spec,
  title =	 {OpenFlow Switch Specification (version 1.0.0)},
  howpublished = {\url{www.openflow.org/documents/openflow-spec-v1.0.0.pdf}},
  month =	 {December},
  year =	 {2009}
}

@INPROCEEDINGS{Covington09,
  author =	 {Covington, G.A. and Gibb, G. and Lockwood, J.W. and
                  Mckeown, N.},
  booktitle =	 {Field Programmable Custom Computing Machines,
                  2009. FCCM '09. 17th IEEE Symposium on},
  ofbooktitle =    { FCCM 2009 },
  title =	 {A Packet Generator on the {NetFPGA} Platform},
  year =	 {2009},
  month =	 {april},
  ofvolume =	 {},
  ofnumber =	 {},
  ofpages =	 {235 -238},
  doi =		 {10.1109/FCCM.2009.29},
  ISSN =	 {},
}
@INPROCEEDINGS{Ganegedara10,
  author =	 {Ganegedara, T. and Weirong Jiang and Prasanna, V.},
  booktitle =	 {Performance Computing and Communications Conference
                  (IPCCC), 2010 IEEE 29th International},
  title =	 {FRuG: A benchmark for packet forwarding in future
                  networks},
  year =	 {2010},
  month =	 {dec.},
  volume =	 {},
  number =	 {},
  pages =	 {231 -238},
  doi =		 {10.1109/PCCC.2010.5682304},
  ISSN =	 {1097-2641},
}
ISSN={},}


@article{DNS-caching,
  author =	 {J.~Jung and E.~Sit and H.~Balakrishnan and
                  R.~Morris},
  title =	 {{DNS Performance and the Effectiveness of Caching}},
  journal =	 {IEEE/ACM Trans. Netw.},
  volume =	 {10},
  number =	 {5},
  year =	 {2002},
  pages =	 {589--603}
}

@misc{ip2location,
  author =	 "{Hexasoft Development Sdn. Bhd}",
  title =	 {{IP Address Geolocation to Identify Website
                  Visitor's Geographical Location}},
  howpublished = "\url{http://www.ip2location.com}"
}

@misc{DNS-extension-IP-client,
  author =	 {C. Contavalli and W. van~der~Gaast and S. Leach and
                  D. Rodden},
  title =	 {{Client IP information in DNS requests}},
  howpublished = {IETF draft, work in progress,
                  draft-vandergaast-edns-client-ip-00.txt},
  month =	 {Jan},
  year =	 {2010}
}

@article{DraftingBehindAkamai2009,
  author =	 {Su, A. and Choffnes, D. and Kuzmanovic, A. and
                  Bustamante, F.},
  title =	 {{Drafting Behind Akamai: Inferring Network
                  Conditions Based on CDN Redirections}},
  journal =	 {IEEE/ACM Trans. Netw.},
  volume =	 {17},
  number =	 {6},
  year =	 {2009},
  pages =	 {1752--1765}
}

@inproceedings{OnTheUseAndPerformance2001,
  author =	 {Krishnamurthy, B. and Wills, C. and Zhang, Y.},
  title =	 {{On the Use and Performance of Content Distribution
                  Networks}},
  booktitle =	 {Proc. of ACM IMW '01},
  address =	 {San Francisco, CA, USA}
}

@inproceedings{MovingBeyondE2E2009,
  author =	 {Krishnan, R. and Madhyastha, H. and Srinivasan,
                  S. and Jain, S. and Krishnamurthy, A. and Anderson,
                  T. and Gao, J.},
  title =	 {{Moving Beyond End-to-end Path Information to
                  Optimize CDN Performance}},
  booktitle =	 {Proc. of ACM IMC '09},
  address =	 {Chicago, IL, USA}
}

@inproceedings{ContentDeliveryNetwork2009,
  author =	 {S. Triukose and Z. Al-Qudah and M. Rabinovich},
  title =	 {{Content Delivery Networks: Protection or Threat?}},
  booktitle =	 {Proc. of ESORICS '09},
  address =	 {Saint-Malo, France}
}

@inproceedings{MeasuringAndEvaluating2008,
  author =	 {Huang, C. and Wang, A. and Li, J. and Ross, K.},
  title =	 {{Measuring and Evaluating Large-scale CDNs}},
  booktitle =	 {Proc. of ACM IMC '08 (paper withdrawn)},
  year =	 2008
}

@article{WhatDNSIsNOT2009,
  author =	 {Vixie, P.},
  title =	 {{What DNS is Not}},
  journal =	 {Commun. ACM},
  volume =	 {52},
  number =	 {12},
  year =	 {2009},
  pages =	 {43--47}
}

@article{DNSComplexity2007,
  author =	 {Vixie, P.},
  title =	 {{DNS Complexity}},
  journal =	 {ACM Queue},
  volume =	 {5},
  number =	 {3},
  year =	 {2007},
  pages =	 {24--29}
}

@article{end-host-measurements,
  author =	 {D. Joumblatt and R. Teixeira and J. Chandrashekar
                  and N. Taft},
  title =	 {{Perspectives on Tracing End-hosts: A Survey
                  Summary}},
  journal =	 {Computer Communication Review},
  volume =	 {40},
  number =	 {2},
  year =	 {2010},
  pages =	 {51-55}
}


@inproceedings{OCH-performance,
  author =	 {Antoniades, Demetris and Markatos, Evangelos P. and
                  Dovrolis, Constantine},
  title =	 {One-click hosting services: a file-sharing hideout},
  booktitle =	 IMC,
  year =	 {2009}
} 

@article{ImprovingPerformanceInternet2009,
  author =	 {Leighton, T.},
  title =	 {{Improving Performance on the Internet}},
  journal =	 {Commun. ACM},
  volume =	 {52},
  number =	 {2},
  year =	 {2009},
  pages =	 {44--51}
}

@misc{googledns,
  title =	 {{Google Public DNS}},
  note =	 {http://code.google.com/intl/de-DE/speed/public-dns/}
}

@misc{opendns-claim,
  title =	 {{OpenDNS: What's Your Take?}},
  note =	 {http://www.neowin.net/news/opendns-whats-your-take}
}

@misc{alexa,
  title =	 {Alexa Top Sites},
  note =	 {http:///www.alexa.com/topsites}
}

@misc{namebench,
  title =	 {Namebench---Open-source DNS Benchmark Utility},
  note =	 {http://code.google.com/p/namebench/}
}

@misc{observatory-report,
  author =	 {C. Labovitz and D. McPherson and S. Iekel-Johnson},
  title =	 {Internet Observatory Report},
  note =	 {http://www.nanog.org/meetings/nanog47/}
}

@inproceedings{IMC2010-PaDIS,
  author =	 {Ingmar Poese and Benjamin Frank and Bernhard Ager
                  and Georgios Smaragdakis and Anja Feldmann},
  title =	 {{Improving Content Delivery using Provider-aided
                  Distance Information}},
  booktitle =	 IMC,
  year =	 2010
}

@inproceedings{network-caching,
  author =	 {J.~Erman and A.~Gerber and M.~Hajiaghayi and D.~Pei
                  and O.~Spatscheck},
  title =	 {Network-aware forward caching},
  booktitle =	 WWW,
  year =	 2009
}

@inproceedings{as-ecosystem,
  author =	 {Dhamdhere, Amogh and Dovrolis, Constantine},
  title =	 {Ten years in the evolution of the internet
                  ecosystem},
  booktitle =	 IMC,
  year =	 {2008}
} 


@inproceedings{flattening,
  author =	 {P.~Gill and M.~Arlitt and Z.~Li and A.~Mahanti},
  title =	 {{The Flattening Internet Topology: Natural
                  Evolution, Unsightly Barnacles or Contrived
                  Collapse?}},
  booktitle =	 PAM,
  year =	 2008
}

@inproceedings{effectiveness-defense,
  author =	 {Park, Kihong and Lee, Heejo},
  title =	 {On the effectiveness of route-based packet filtering
                  for distributed {DoS} attack prevention in power-law
                  internets},
  booktitle =	 SIGCOMM,
  year =	 {2001}
}

@inproceedings{hop-filtering,
  author =	 {Jin, Cheng and Wang, Haining and Shin, Kang G.},
  title =	 {Hop-count filtering: an effective defense against
                  spoofed {DDoS} traffic},
  booktitle =	 CCS,
  year =	 {2003}
}

@Misc{procurve-buffer,
  key =		 {procurve},
  title =	 {{HP ProCurve Switch 5400zl} Overview},
  howpublished =
                  {\url{http://www.procurve.com/products/switches/HP_ProCurve_Switch_5400zl_Series/overview.htm}}
}

@Article{villamizar-buffer,
  author =	 {C. Villamizar and C. Song},
  title =	 {High performance {TCP} in {ANSNET}},
  journal =	 CCR,
  year =	 1994
}

@inproceedings{borderguard_nick:2004,
  author =	 {N.~Feamster and Z.~Mao and J.~Rexford},
  title =	 {BorderGuard: detecting cold potatoes from peers},
  booktitle =	 IMW,
  year =	 {2004},
}
 location = {Taormina, Sicily, Italy}

@InProceedings{li04:topo,
  author =	 {L. Li and D. Alderson and W. Willinger and J. Doyle},
  title =	 {{A First-Principles Approach to Understanding the
                  Internet's Router-level Topology}},
  booktitle =	 SIGCOMM,
  year =	 2004,
}




@Article{router-design-98,
  author =	 {Keshav, S. and Sharma, R.},
  title =	 {Issues and trends in router design},
  journal =	 {IEEE Communications Magazine},
  year =	 1998,
  volume =	 36,
  number =	 5,
  pages =	 {144 - 151 },
  month =	 {May}
}

@InProceedings{arbor,
  author =	 {C.~Labovitz and S.~Lekel-Johnson and D.~McPherson
                  and J.~Oberheide and F.~Jahanian},
  title =	 {{Internet Inter-Domain Traffic}},
  booktitle =	 SIGCOMM,
  year =	 2010,
}

@article{click,
  author =	 {E.~Kohler and R.~Morris and B.~Chen and J.~Jannotti
                  and F.~Kaashoek},
  title =	 {The {Click} modular router},
  journal =	 {ACM Trans. Comput. Syst.},
  month =	 {August},
  number =	 {3},
  pages =	 {263--297},
  volume =	 {18},
  year =	 {2000}
}


@article{xorp,
  author =	 {M.~Handley and O.~Hodson and E.~Kohler},
  title =	 {XORP: an open platform for network research},
  journal =	 CCR,
  volume =	 {33},
  number =	 {1},
  year =	 {2003}
}

@misc{QoS-in-ISPs,
  key =		 "RIPQoS",
  title =	 {{ACM} {SIGCOMM} workshop {RIPQoS'03}},
  year =	 {2003}
}

@InProceedings{HLP,
  author =	 {L.~Subramanian and M.~Caesar and C.~Ee and
                  M.~Handley and M.~Mao and S.~Shenker and I.~Stoica},
  title =	 {{HLP}: a next generation inter-domain routing
                  protocol},
  booktitle =	 SIGCOMM,
  year =	 {2005}
}

@InProceedings{viaggre,
  author =	 {Ballani, Hitesh and Francis, Paul and Cao, Tuan and
                  Wang, Jia},
  title =	 {Making routers last longer with ViAggre},
  booktitle =	 NSDI,
  year =	 {2009}
}

@InProceedings{routing-cache-replacement,
  title =	 {Efficiency analyses on routing cache replacement
                  algorithms},
  author =	 {W.~Shyu and C.~Wu and T.~Hou},
  booktitle =	 {IEEE ICC},
  year =	 {2002}
}

@article{NIRA,
  author =	 {X.~Yang and D.~Clark and A.~Berger},
  title =	 {{NIRA}: a new inter-domain routing architecture},
  journal =	 {IEEE/ACM Trans. Netw.},
  year =	 {2007},
  volume =	 {15},
  number =	 {4},
  pages =	 {775--788},
}

@InProceedings{arc,
  author =	 {N.~Megiddo and D.~Modha},
  title =	 {ARC: A Self-Tuning, Low Overhead Replacement Cache},
  booktitle =	 UFSI,
  year =	 {2003}
}

@InProceedings{openflow-API,
  author =	 {J.C. Mogul and P. Yalagandula and J. Tourrilhes and
                  R. McGeer and S. Banerjee and T. Connors and
                  P. Sharma},
  title =	 {{API} Design Challenges for Open Router Platforms on
                  Proprietary Hardware},
  booktitle =	 HOTNETS,
  year =	 {2008}
}

@InProceedings{multi-queue,
  author =	 {Y.~Zhou and J.~Philbin and K.~Li},
  title =	 {The Multi-Queue Replacement Algorithm for Second
                  Level Buffer Caches},
  booktitle =	 USENIX,
  year =	 {2001}
}


@InProceedings{rocketfuel,
  author =	 {N.~Spring and R.~Mahajan and D.~Wetherall},
  title =	 {{Measuring ISP Topologies with Rocketfuel}},
  booktitle =	 SIGCOMM,
  year =	 {2002}
}


@InProceedings{rocketfuel2,
  author =	 {R. Mahajan and N. Spring and D. Wetherall and
                  T. Anderson},
  title =	 {{Inferring Link Weights using End-to-End
                  Measurements}},
  booktitle =	 IMW,
  year =	 2002
}

@InProceedings{fast-lookups,
  author =	 {Degermark, Mikael and Brodnik, Andrej and Carlsson,
                  Svante and Pink, Stephen},
  title =	 {Small forwarding tables for fast routing lookups},
  booktitle =	 SIGCOMM,
  location =	 {Cannes, France},
  year =	 {1997}
}

@InProceedings{scalable-matching,
  author =	 {Waldvogel, Marcel and Varghese, George and Turner,
                  Jon and Plattner, Bernhard},
  title =	 {Scalable high speed {IP} routing lookups},
  booktitle =	 SIGCOMM,
  year =	 {1997}
}

@InProceedings{maier-residential-imc09,
  Author =	 {Maier, Gregor and Feldmann, Anja and Paxson, Vern
                  and Allman, Mark},
  Title =	 {On Dominant Characteristics of Residential Broadband
                  Internet Traffic},
  BookTitle =	 IMC,
  Year =	 {2009}
} 

@InProceedings{bgpreplay,
  author =	 {Maennel, Olaf and Feldmann, Anja},
  title =	 {Realistic {BGP} traffic for test labs},
  booktitle =	 SIGCOMM,
  year =	 {2002}
}

@InProceedings{pass-through-times,
  author =	 {A.~Feldmann and H.~Kong and O.~Maennel and A.~Tudor},
  title =	 {Measuring {BGP} Pass-Through Times},
  booktitle =	 PAM,
  year =	 {2004}
}

@InProceedings{routingstability-imc02,
  Author =	 {J. Rexford, J. Wang, Z. Xiao and Y. Zhang},
  Title =	 {BGP Routing Stability of Popular Destinations},
  BookTitle =	 IMC,
  Year =	 {2002}
} 

@InProceedings{andersen02:topol,
  author =	 {David G. Andersen and Nick Feamster and Steve Bauer
                  and Hari Balakrishnan},
  title =	 {Topology Inference from {BGP} Routing Dynamics},
  booktitle =	 IMW,
  year =	 2002
}

@InProceedings{granularity,
  Author =	 {M\"{u}hlbauer, Wolfgang and Uhlig, Steve and Fu,
                  Bingjie and Meulle, Mickael and Maennel, Olaf},
  Title =	 {{In Search for an Appropriate Granularity to Model
                  Routing Policy}},
  BookTitle =	 SIGCOMM,
  year =	 2007
} 


@article{ipswitching,
  author =	 {Peter Newman and Greg Minshall and Tom Lyon and
                  Larry Huston},
  title =	 {{IP} Switching and {G}igabit Routers},
  journal =	 {IEEE Communications Magazine},
  year =	 {1997}
}

@article{jain-popularity89,
  author =	 {R. Jain},
  title =	 {Characteristics of Destination Address Locality in
                  Computer Networks: A Comparison of Caching Schemes},
  journal =	 {Computer Networks and ISDN},
  year =	 {1989/90}
}

@article{switching-perspectives,
  author =	 {Simcoe, Robert J. and Pei, Tong-Bi},
  title =	 {Perspectives on {ATM} switch architecture and the
                  influence of traffic pattern assumptions on switch
                  design},
  journal =	 CCR,
  year =	 {1995},
}
 volume = {25},
 number = {2},
 pages = {93--105}


@article{as-level_CCR:2006,
 author = {P.~Mahadevan and D.~Krioukov and M.~Fomenkov and X.~Dimitropoulos and k~c~claffy and A.~Vahdat},
 title = {{The Internet AS-Level Topology: Three Data Sources and One Definitive Metric}},
 journal = CCR,
 year = {2006}
}

@article{floyd,
 author = {R.~Floyd},
 title = {{Algorithm 97: Shortest Path}},
 journal = {Communications of the {ACM}},
 volume = {5},
 number = {6},
 pages = {345},
 year = {1962}
}


@article{warshall,
 author = {S.~Warshall},
 title = {{A theorem on Boolean matrices}},
 journal = {Journal of the {ACM}},
 volume = {9},
 number = {1},
 pages = {11-12},
 year = {1962}
}

@InProceedings{anjadiversity,
 author = {Wolfgang M\"{u}hlbauer and Anja Feldmann and Olaf Maennel and Matthew Roughan and Steve Uhlig},
 title = {{Building an AS-Topology Model that Captures Route Diversity}},
 booktitle = SIGCOMM,
 year = 2006
 }
 
@inproceedings{renata_diversity:2003,
 author = {R.~Teixeira and K.~Marzullo and S.~Savage and G.~Voelker},
 title = {In search of path diversity in {ISP} networks},
 booktitle = IMC,
 year = {2003}
}

@article{griffin_stable_path:2002,
 author = {T.~Griffin and F.~Bruce Shepherd and G.~Wilfong},
 title = {{The Stable Paths Problem and Interdomain Routing}},
 journal = IEEETN,
 year = {2002}
 }

@InProceedings{aspath,
  author = 	 {H.~Tangmunarunkit and R.~Govindan and S.~Shenker and D.~Estrin},
  title = 	 {{The Impact of Routing Policy on Internet Paths}},
  booktitle = INFOCOM,
  year =	 2001
}


@inproceedings{gao_policies:2003,
 author = {F.~Wang and L.~Gao},
 title = {{Inferring and Characterizing Internet Routing Policies}},
 booktitle = IMC,
 year = 2003
}

@InProceedings{battista_inferring:2003,
  author = 	 {G. Battista and M. Patrignani and M. Pizzonia},
  title = 	 {{Computing the Types of the Relationships Between Autonomous Systems}},
  booktitle = 	 INFOCOM,
  year =	 2003
}

@InProceedings{subramanian_inferring:2002,
  author = 	 {L.~Subramanian and S.~Agarwal and J.~Rexford and R.~Katz},
  title = 	 {{Characterizing the Internet Hierarchy from Multiple Vantage Points}},
  booktitle = INFOCOM,
  year =	 2002
}

@InProceedings{zhang-bgp-stress,
  author = 	 {L~.Wang and X.~Zhao and D.~Pei and R.~Bush and D.~Massey and A.~Mankin and S.~Wu and L.~Zhang},
  title = 	 {Observation and {A}nalysis of {BGP} {B}ehavior under {S}tress},
  booktitle = 	 IMW,
  year =	 2002
}

@InProceedings{bgp-stab,
  author = 	 {G.~Siganos and M.~Faloutsos},
  title = 	 {{BGP} {R}outing: {A} {S}tudy at {L}arge {T}ime {S}cale},
  booktitle = 	 GINET,
  year =	 2002
}

@Article{ravi-net-mag:2005,
  author =       {R.~Musunuri and J.~A.~Cobb},
  title =        {An {O}verview of {S}olutions to {A}void {P}ersistent {BGP} {D}ivergence},
  journal =      IEEENET,
  year =         2005
}

@Article{caesar_isp_policies:2005,
  author =       {M.~Caesar and J.~Rexford},
  title =        {{BGP} {R}outing {P}olicies in {ISP} {N}etworks},
  journal =      IEEENET,
  year =         2005
}

@article{clean-slate,
 author = {A.~Feldmann},
 title = {{Internet Clean-Slate Design: What and Why?}},
 journal = CCR,
 year = 2007
 }


@inproceedings{hijacking,
 author = {H.~Ballani and P.~Francis and X.~Zhang},
 title = {{A Study of Prefix Hijacking and Interception in the Internet}},
 booktitle = SIGCOMM,
 year = {2007}
 }


@inproceedings{feamster05,
  author = "N. Feamster and H. Balakrishnan", 
  title = {{Detecting BGP Configuration Faults with Static Analysis}},  
  booktitle = NSDI,
  year = "2005"
}

@Article{cbgp,
  author =       {B.~Quoitin and S.~Uhlig},
  title =        {{Modeling the Routing of an Autonomous System with C-BGP}},
  journal =      IEEENET,
  year =         2005
}

@inproceedings{ibgp-config,
 author = {T.~Griffin and G.~Wilfong},
 title = {{On the Correctness of IBGP Configuration}},
 booktitle = SIGCOMM,
 year = 2002
}

@inproceedings{route-reflection-oscillations,
 author = {A.~Basu and C.~Ong and A.~Rasala and F.~Shepherd and G.~Wilfong},
 title = {{Route Oscillations in I-BGP with Route Reflection}},
 booktitle = SIGCOMM,
 year = {2002}
}

@inproceedings{path_inference_sigmetrics:2005,
 author = {Z.M.~Mao and L.~Qiu and J.~Wang and Y.~Zhang},
 title = {{On AS-level Path Inference}},
 booktitle = SIGMETRICS,
 year = {2005}
 }

@inproceedings{astraceroute_infocom:2004,
 author = {Z.M.~Mao and D.~Johnson and J.~Rexford and J.~Wang and R.~Katz},
 title = {Scalable and Accurate Identification of {AS}-Level Forwarding Paths},
 booktitle = INFOCOM,
 year = {2004}
}

@inproceedings{location_instab_sigcomm:2004,
 author = {A.~Feldmann and O~Maennel and Z.~M.~Mao and A.~Berger and B.~Maggs},
 title = {Locating internet routing instabilities},
 booktitle = SIGCOMM,
 year = {2004}
}


@InProceedings{Labovitz_Experimental:2000,
  author = 	 {C. Labovitz and A. Ahuja and A. Bose and F. Jahanian},
  title = 	 {An experimental study of {I}nternet routing convergence},
  booktitle = 	 SIGCOMM,
  year =	 2000
}


@InProceedings{bgp_instab_labovitz:1997,
  author = 	 {C.~Labovitz and G.~Malan and F.~Jahanian},
  title = 	 {Internet {R}outing {I}nstability},
  booktitle = SIGCOMM,
  year =	 1997,
  month =	 {September}
}

@InProceedings{temporal_bgp_changes:2003,
	author = "D.-F. Chang and R. Govindan and J. Heidemann",
	title = "The Temporal and Topological Characteristics of {BGP} Path Changes",
	booktitle = ICNP,
	year = "2003"
}

@inproceedings{morley_sigcomm:2003,
 author = {Z.M.~Mao and J.~Rexford and J.~Wang and R.H.~Katz},
 title = {Towards an accurate AS-level traceroute tool},
 booktitle = SIGCOMM,
 year = {2003}
 }


@misc{routeviews,
  title = 	 {University of {O}regon {R}oute {V}iews {P}roject},
  note = 	 {\url{http://www.routeviews.org/}},
  key = "routeview"
}

@Unpublished{looking-glass,
  title = 	 {NANOG {L}ooking {G}lass {S}ites},
  note = 	 {\url{http://www.nanog.org/lookingglass.html}}
}

@Unpublished{dag,
  author = 	 {University of Waikato},
  title = 	 {The {DAG} project},
  note = 	 {\url{http://dag.cs.waikato.ac.nz/}}
}

@article{openflow,
 author = {N.~McKeown and T.~Anderson and H.~Balakrishnan and G.~Parulkar and L.~Peterson and J.~Rexford and S.~Shenker and J.~Turner},
 title = {Open{F}low: enabling innovation in campus networks},
 journal = CCR,
 year = {2008}
}

@Article{McGregor_NLANR:2000,
  author =       {T. McGregor and H.-W. Braun and J. Brown },
  title =        {The {NLANR} {N}etwork {A}nalysis {I}nfrastructure},
  journal =      {IEEE Communications Magazine},
  year =         2000,
  month =        {May}
}

@Unpublished{ITA,
  title = 	 {Internet {T}raffic {A}rchive},
  note = 	 {\url{http://www.acm.org/sigcomm/ITA/}},
}

@InProceedings{dina_distributed:2004,
 author = {K.~Papagiannaki and N.~Taft and A.~Lakhina},
 title = {A distributed approach to measure IP traffic matrices},
 booktitle = IMC,
 year = {2004}
 }

@InProceedings{gunnar_estimation:2004,
 author = {A.~Gunnar and M.~Johansson and T.~Telkamp},
 title = {Traffic matrix estimation on a large {IP} backbone: a comparison on real data},
 booktitle = IMC,
 year = {2004}
 }

@InProceedings{soule_large_elements:2004,
 author = {A.~Soule and A.~Nucci and R.~Cruz and E.~Leonardi and N.~Taft},
 title = {How to identify and estimate the largest traffic matrix elements in a dynamic environment},
 booktitle = SIGMETRICS,
 year = {2004}
 }

@InProceedings{zhang_link:2003,
 author = {Y.~Zhang and M.~Roughan and N.~Duffield and A.~Greenberg},
 title = {Fast accurate computation of large-scale {IP} traffic matrices from link loads},
 booktitle = SIGMETRICS,
 year = {2003}
 }

@InProceedings{soule_tm:2005,
 author = {A.~Soule and A.~Lakhina and N.~Taft and K.~Papagiannaki and K.~Salamatian and A.~Nucci and M.~Crovella and C.~Diot},
 title = {Traffic matrices: balancing measurements, inference and modeling},
 booktitle = SIGMETRICS,
 year = {2005}
 }

@InProceedings{zhang_tm:2003,
 author = {Y.~Zhang and M.~Roughan and C.~Lund and D.~Donoho},
 title = {An information-theoretic approach to traffic matrix estimation},
 booktitle = SIGCOMM,
 location = {Karlsruhe, Germany},
 year = {2003}
}

@InProceedings{medina_tm:2002,
 author = {A.~Medina and N.~Taft and K.~Salamatian and S.~Bhattacharyya and C.~Diot},
 title = {Traffic matrix estimation: existing techniques and new directions},
 booktitle = SIGCOMM,
 year = {2002}
 }

@Article{Xiao_Traffic:2000,
  author =       {X.~Xiao and A.~Hannan and B.~Bailey and L.~Ni },
  title =        {Traffic {E}ngineering with {MPLS} in the {I}nternet},
  journal =      IEEENET,
  year =         2000
}

@InProceedings{Fortz_Internet:2000,
  author =       {B.~Fortz and M.~Thorup},
  title =        {{Internet Traffic Engineering by Optimizing OSPF Weights}},
  booktitle =    INFOCOM,
  year =         2000
}

@InProceedings{anukool-subspace,
  author = 	 {A.~Lakhina and M.~Crovella and C.~Diot},
  title = 	 {Diagnosing {N}etwork-wide {T}raffic {A}nomalies},
  booktitle = 	 SIGCOMM,
  year = 	 2004,
  month =	 {August}
}

@article{carrier-grade-ethernet,
    author = {Fouli, Kerim and Maier, Martin},
    title = {The Road to {Carrier-Grade} {E}thernet},
    journal = {IEEE Communications Magazine},
    year = {2009}
}
    month = {March},
    number = {3},
    volume = {47},

@InProceedings{misconfigurations,
  author = 	 {R. Mahajan and D. Wetherall  and T. Anderson},
  title = 	 {Understanding {BGP} {M}isconfigurations},
  booktitle = 	 SIGCOMM,
  year = 	 2002,
  month =	 {September}
}

@InProceedings{elusive-ground-truth,
  author = 	 {R. Oliveira and D. Pei and W. Willinger and B. Zhang and L. Zhang},
  title = 	 {{In Search of the Elusive Ground Truth: The Internet's AS-level Connectivity Structure}},
  booktitle = 	 SIGMETRICS,
  year = 	 2008
}

@MISC{potaroo,
    author = {Geoff Huston},
    title = {{BGP Routing Table Analysis Reports}},
    howpublished = {{http://bgp.potaroo.net/}}
}

@Unpublished{pyrt,
  author =       {R.~Mortier},
  title = 	 {The {P}ython {R}outeing {T}oolkit ({P}y{RT})},
  note = 	 {\url{http://ipmon.sprint.com/pyrt/}},
  year = 	 {2001}
}

@MISC{abilene-routing,
 author = {Abilene},
 title = {The {A}bilene {O}bservatory: Abilene routing data},
 howpublished = {{http://abilene.internet2.edu/observatory/}}
} 
 howpublished = {\url{http://abilene.internet2.edu/observatory/data-collections.html#routing}}

@MISC{intel-dante,
 author = {Intel-DANTE},
 title = {Intel-{DANTE} monitoring project},
 howpublished = {{http://www.cambridge.intel-research.net/monitoring/dante/}}
} 
 howpublished = {\url{http://www.cambridge.intel-research.net/monitoring/dante/}}


@InProceedings{rexford-nsdi05,
  author = 	 {J.~Wu and Z.~Mao and J.~Rexford and J.~Wang},
  title = 	 {{Finding a Needle in a Haystack: Pinpointing Significant {BGP} Routing Changes in an {IP} Network}},
  booktitle = 	 NSDI,
  month =	 {May},
  year =	 2005
}

@InProceedings{rexford-popular,
  author = 	 {J.~Rexford and J.~Wang and Z.~Xiao and Y.~Zhang},
  title = 	 {{BGP} {R}outing {S}tability of {P}opular {D}estinations},
  booktitle = 	 IMW,
  year =	 2002
}
  month =	 {November},

@misc{Cisco_Netflow:99,
  author = 	 "Cisco",
  title = 	 {{NetFlow} services and applications},
  howpublished = {\url{http://www.cisco.com/warp/public/732/netflow}},
  year =	 1999
}


@inproceedings{fmopt07drcn,
	author = {M.O.~Buob and M.~Meulle and S.~Uhlig},
	title = {{Checking for Optimal Egress Points in iBGP routing}},
	booktitle = {6th IEEE International Workshop on the Design of Reliable Communication Networks (DRCN)},
	year = 2007
}

@inproceedings{sprint-TR-BGP-intra,
  author = 	 {S.~Agarwal and C.~Chuah and S.~Bhattacharyya and C.~Diot},
  title = 	 {The {I}mpact of {BGP} {D}ynamics on {I}ntra-{D}omain {T}raffic},
  booktitle = 	 SIGMETRICS,
  year =	 2004
}

@inproceedings{renata-SIGMETRICS,
  author = 	 {R.~Teixeira and A.~Shaikh and T.~Griffin and J.~Rexford},
  title = 	 {{Dynamics of Hot-Potato Routing in IP Networks}},
  booktitle = 	 SIGMETRICS,
  year =	 2004
}
  month =	 {June},

@InProceedings{TM_Teixeira:2005,
  author = 	 {R.~ Teixeira and N.~Duffield and J.~Rexford and M.~Roughan},
  title = 	 {{Traffic Matrix Reloaded: Impact of Routing Changes}},
  booktitle = 	 PAM,
  year = 	 2005
}

@InProceedings{variability-traffic,
 author = {A.~Feldmann and A.~Gilbert and P.~Huang and W.~Willinger},
 title = {Dynamics of {IP} traffic: a study of the role of variability and the impact of control},
 booktitle = SIGCOMM,
 location = {Cambridge, Massachusetts, United States},
 year = {1999}
 }

@inproceedings{RCP,
 author = {M.~ Caesar and D.~Caldwell and N.~Feamster and J.~Rexford and A.~Shaikh and J.~van~der~Merwe},
 title = {Design and implementation of a routing control platform},
 booktitle = NSDI,
 year = {2005}
}

@inproceedings{virtual-routers,
 author = {N.~Egi and A.~Greenhalgh and M.~Handley and M.~Hoerdt and F.~Huici and L.~Mathy},
 title = {Towards high performance virtual routers on commodity hardware},
 booktitle = CONEXT,
 year = {2008}
 }


@inproceedings{routebricks,
 author = {M.~Dobrescu and N.~Egi and K.~Argyraki and B.~Chun and K.~Fall and G.~Iannaccone and A.~Knies and M.~Manesh and S.~Ratnasamy},
 title = {Route{B}ricks: exploiting parallelism to scale software routers},
 booktitle = {ACM SOSP},
 year = {2009}
 }

 @InProceedings{variability-flows,
   Author = {Wallerich, Jörg and Feldmann, Anja},
   Title = {Capturing the Variability of Internet Flows Across Time},
   BookTitle = GINET,
   Year = {2006}
}
   Month = {April},


@InProceedings{Feldmann_Deriving:2000,
  author = 	 {A.~Feldmann and A.~Greenberg and C.~Lund and N.~Reingold and J.~Rexford and F.~True},
  title = 	 {Deriving traffic demands for operational {IP} networks: methodology and experience},
  booktitle = 	 SIGCOMM,
  year = 	 2000,
  month =	 {September}
}

@Article{feldman_ip_net_conf:2001,
author= "A. Feldmann and J. Rexford",
title= "{IP} {N}etwork {C}onfiguration for {I}ntradomain {T}raffic {E}ngineering",
journal= IEEENET,
year= "2001"
}

@InProceedings{slow-BGP,
 author = {Ben Houidi, Zied and Meulle, Mickael and Teixeira, Renata},
 title = {Understanding slow {BGP} routing table transfers},
 booktitle = IMC,
 year = {2009}
 }


@InProceedings{feamster_nsdi_config:2005,
author= "N. Feamster and H. Balakrishnan",
title= "{D}etecting {BGP} {C}onfiguration {F}aults with {S}tatic {A}nalysis",
booktitle= NSDI, 
year= 2005
}

@article{bro,
 author = {V.~Paxson},
 title = {Bro: a system for detecting network intruders in real-time},
 journal = COMNET,
 year = {1999}
 }

@Book{Halabi_Internet:2000,
  author = {B. Halabi and D. Mc Pherson},
  title = "{I}nternet {R}outing {A}rchitectures (2nd {E}dition)",
  publisher = "Cisco Press",
  year = 2000
}

@Book{cisco-ios,
  author = {V. Bollapragada and C. Murphy and R. White},
  title = "{I}nside {C}isco {IOS} {S}oftware {A}rchitecture",
  publisher = "Cisco Press",
  year = 2000
}

@Book{cisco-cef,
  author = {N. Stringfield and R. White and S. McKee},
  title = "{C}isco {E}xpress {F}orwarding",
  publisher = "Cisco Press",
  year = 2007
}


@Book{juniper,
  author =       {T.~Thomas and D.~Pavlichek},
  title =        {Juniper Networks(r) Reference Guide: Junos(tm) Routing, Configuration, and Architecture},
  publisher =    {Addison-Wesley},
  year =         2002
}

@Book{Moy_OSPF:1998,
  author =       {J. Moy},
  title =        {{OSPF} : anatomy of an Internet routing protocol},
  publisher =    {Addison-Wesley},
  year =         1998
}

@misc{rfc4984,
AUTHOR="D. Meyer and L. Zhang and K. Fall ",
TITLE="{Report from the IAB Workshop on Routing and Addressing}",
howpublished = {RFC4984},
YEAR=2007
}

@misc{rfc3176,
AUTHOR="P. Phaal and S. Panchen and N. McKee",
TITLE="{InMon Corporation's sFlow: A Method for Monitoring Traffic in Switched and Routed Networks}",
howpublished = {RFC3176},
YEAR=2001
}
TYPE="RFC",
NUMBER=3176,
INSTITUTION="Internet Engineering Task Force",
MONTH=sep,

@misc{rfc1142,
AUTHOR="Oran, D.",
TITLE="{OSI} {IS-IS} Intra-domain Routing Protocol",
HOWPUBLISHED = {RFC1142},
YEAR=1990
}
TYPE="RFC",
NUMBER=1142,
INSTITUTION="Internet Engineering Task Force",
MONTH=feb,



@inproceedings{bgp-routing-model,
 author = {N.~Feamster and J.~Winick and J.~Rexford},
 title = {A model of {BGP} routing for network engineering},
 booktitle = SIGMETRICS,
 year = {2004}
}
 month= {June},

@Article{Feldmann_NetScope:2000,
  author =       {Anja Feldmann and Albert Greenberg and Carsten Lund and Nick Reingold and Jennifer Rexford},
  title =        {Net{S}cope: {T}raffic {E}ngineering for {IP} {N}etworks},
  journal =      IEEENET,
  year =         2000
}

@InProceedings{Awduche_OptPeering:1998,
  author = {D. O. Awduche and J. Agogbua and J. McManus},
  title = {An Approach to Optimal Peering Between Autonomous Systems in the Internet},
  booktitle = {Proceedings of IEEE ICCN'98},
  year = 1998,
  month = "October"
}

@article{Varghese_Manifesto:2004,
 author = {G. Varghese and C. Estan},
 title = {The measurement manifesto},
 journal = {Comput. Commun. Rev.},
 volume = {34},
 number = {1},
 year = {2004},
 pages = {9--14}
 }

@Misc{cisco-site,
  author = {CISCO Systems},
  title = {Technical Support \& Information},
  note = {\url{http://www.cisco.com}},
  year = {2005}
}

@InProceedings{CAIDA-metrics:02,
AUTHOR =       {B.~Huffaker and M.~Fomenkov and D.~Plummer and D.~Moore and K.~Claffy},
TITLE =        {Distance {M}etrics in the {I}nternet},
BOOKTITLE =    {IEEE International Telecommunications Symposium
 (ITS)},
MONTH =        {September},
YEAR =         {2002}
}

@Unpublished{Rekhter_Border:2004,
  author = 	 {Y. Rekhter and T. Li and S. Hares},
  title = 	 {A {B}order {G}ateway {P}rotocol 4 ({BGP}-4)},
  note = 	 {Internet draft, draft-ietf-idr-bgp4-26.txt, work in progress},
  month =	 {October},
  year =	 2004
}

@InProceedings{florin,
  author    = {F.~Ciucu},
  title     = {Network Calculus Delay Bounds in Queueing Networks with Exact Solutions},
  booktitle = {International Teletraffic Congress},
  year      = {2007}
}

@article{power-efficient-TCAM,
 author = {Kocak, Taskin and Basci, Faysal},
 title = {A power-efficient TCAM architecture for network forwarding tables},
 journal = {J. Syst. Archit.},
 year = {2006},
 }
 volume = {52},
 number = {5},
 pages = {307--314}


@InProceedings{nick-buffers-sigcomm,
 author = {Appenzeller, Guido and Keslassy, Isaac and McKeown, Nick},
 title = {Sizing router buffers},
 booktitle = SIGCOMM,
 location = {Portland, Oregon, USA},
 year = {2004}
 }

@article{TCAM-updates,
 author = {Devavrat Shah and Pankaj Gupta},
 title = {Fast Incremental Updates on {T}ernary-{CAM}s for Routing Lookups and Packet Classification},
 journal = {IEEE Micro},
 year = {2001}
 }

@article{nick-buffers-ccr,
 author = {Ganjali, Yashar and McKeown, Nick},
 title = {Update on buffer sizing in internet routers},
 journal = CCR,
 year = {2006}
 }


@Unpublished{draft-SRAM,
  author = 	 {R. Whittle},
  title = 	 {{SRAM}-based {IP} Forwarding Eliminates the Need for Route Aggregation},
  note = 	 {Internet draft, draft-whittle-sram-ip-forwarding-01.txt, work in progress},
  month =	 {October},
  year =	 2007
}

@Unpublished{Norton_Art:2002,
  author =       "W.B.~Norton",
  title =        "The art of peering: the peering playbook",
  note =         "2002"
}

@InProceedings{SAC-04,
  author =       {S.~Uhlig and V.~Magnin and O.~Bonaventure and C.~Rapier and L.
~Deri},
  title =        {Implications of the {T}opological {P}roperties of {I}nternet {T}raffic on {T}raffic {E}ngineering},
  booktitle =    {ACM SAC'04},
  month =        {March},
  year =         {2004}
}

@ARTICLE{Quoitin_Interdomain:2003,
  author = {B. Quoitin and S. Uhlig and C. Pelsser and L. Swinnen and O.Bonavent
ure},
  title = "{I}nterdomain {T}raffic {E}ngineering with {BGP}",
  journal = IEEECOM,
  year = 2003
}

@ARTICLE{carrier-ethernet,
  author = {A.~Bragg},
  title = "Ethernet as Carrier Transport Infrastructure",
  journal = IEEECOM,
  year = 2006
}

@InProceedings{Bressoud_Infocom:2003,
  author = {T. C. Bressoud and R. Rastogi and M. A. Smith},
  title = {{O}ptimal {C}onfiguration for {BGP} {R}oute {S}election},
  booktitle = {Proceedings of IEEE Infocom},
  year = 2003,
  month = {April}
}

@InProceedings{cool-CAM,
  author = {F. Zane and G. Narlikar and A. Basu},
  title = {Cool{CAM}s: power-efficient {TCAM}s for forwarding engines},
  booktitle = INFOCOM,
  year = 2003,
}
  month = {April}

@inproceedings{hot-potato-sensitivity,
 author = {R.~Teixeira and T.~Griffin and G.~Voelker and A.~Shaikh},
 title = {{Network Sensitivity to Hot Potato Disruptions}},
 booktitle = SIGCOMM,
 year = {2004}
}

@InProceedings{gao_inferring,
  author = {L. Gao},
  title = {{On Inferring Autonomous System Relationships in the Internet}},
  booktitle = GINET,
  year = "2000"
}

@InProceedings{Rabbat_Infocom:2004,
  author = {M. Rabbat and R. Nowak and M. Coates},
  title = {{M}ultiple {S}ource, {M}ultiple {D}estination {N}etwork {T}omography},
  booktitle = {Proceedings of IEEE Infocom},
  year = 2004,
  month = "March",
  where = {Hong Kong}
}

@UNPUBLISHED{ssfnet_2001,
  author = {B. J. Premore},
  title = "{SSF Implementations of BGP-4}",
  note = {available from \url{http://www.cs.dartmouth.edu/~beej/bgp/}},
  year = 2001
}

@PHDTHESIS{javasim_2002,
  author = {H. Tyan},
  title = {Design, realization and evaluation of a component-based compositional software architecture for network simulation},
  school = {Ohio State University},
  year = 2002
}

@InProceedings{bgp-instab2,
  author = 	 {T.~Griffin and G.~Wilfong},
  title = 	 {{An Analysis of {BGP} Convergence Properties}},
  booktitle = 	 SIGCOMM,
  year =	 1999,
}

@misc{route-reflectors,
  author =       {T.~Bates and R.~Chandra and E.~Chen},
  title =        {{BGP} {R}oute {R}eflection - {A}n {A}lternative to {F}ull {M}esh {IBGP}},
  howpublished = {RFC4456},
  year =         2006
}
Internet Engineering Task Force, 

@misc{IPFIX,
  author =       {B.~Claise},
  title =        {Specification of the {IP} Flow Information Export ({IPFIX}) Protocol for the Exchange of {IP} Traffic Flow Information},
  howpublished = {RFC5101},
  year =         2008
}
Internet Engineering Task Force

@book{route-reflector-book,
  author={R.~Zhang and M.~Bartell},
  title={BGP Design and Implementation},
  publisher={Cisco Press},
  year=2003
}

@book{clustering-book,
  author={L.~Kaufman and P.~Rousseeuw},
  title={Finding Groups in Data: An Introduction to Cluster Analysis},
  publisher={John Wiley and Sons},
  year=2005
}

@book{Vasseur_Recovery:2004,
author={J.-P. Vasseur and M. Pickavet and P. Demeester},
title={Network Recovery: Protection and Restoration of Optical, {SONET-SDH}, and {MPLS}},
publisher={Morgan Kaufmann},
year=2004
}

@Misc{quagga,
  key = {Quagga},
  title= "{Q}uagga {R}outing {S}uite",
  howpublished= {\url{http://www.quagga.net}}
}

@Misc{switch-comparison,
  key = {switch-comparison},
  title= "Arista, {B}lade win top spot in data center switch test",
  howpublished= {\url{http://www.networkworld.com/reviews/2010/011810-ethernet-switch-test.html}},
  year = 2010
}

@Misc{ipnfusion,
  key = {ipnfusion},
  title= "IP {I}nfusion {ZebOS}",
  howpublished= {\url{http://www.ipinfusion.com/}}
}

@Misc{vyatta,
  author = {J.~Edwards},
  title= "Enterprises cut costs with open-source routers ",
  booktitle = {Computer World},
  howpublished= {\url{http://www.computerworld.com/s/article/9133851}},
  year= 2009
}

@Misc{arista,
  author = "{Arista~Networks}",
  title= "{EOS}: An Extensible Operating System",
  howpublished= {\url{www.aristanetworks.com/en/EOS}},
  year= 2009
}

@Misc{zebra:2003,
  title= "{GNU} {Z}ebra {R}outing {S}uite",
  howpublished= {\url{http://www.zebra.org}},
  year= 2003
}

@BOOK{Stewart_BGP4:1999,
  author = {J. Stewart},
  title = {{BGP4} : interdomain routing in the Internet},
  publisher = {Addison Wesley},
  year = 1999
}

@Unpublished{mrtd,
  author =       {Merit Network},
  title =        {{MRTd}: multi-threaded routing toolkit},
  note =         {\url{http://www.mrtd.net}}
}

@Article{Filsfils_diffserv:2005,
  author = {C. Filsfils and J. Evans},
  title = "{D}eploying {D}iffserv in {B}ackbone {N}etworks for {T}ight {SLA} {C}ontrol",
  journal = {IEEE Internet Computing},
  year = 2005,
  month = "January-February"
}

@InProceedings{Telkamp_traffic:2004,
  author = {A. Gunnar and M. Johansson and T. Telkamp},
  title = "{T}raffic {M}atrix {E}stimation on a {L}arge {IP} {B}ackbone - {A} {C}omparison on {R}eal {D}ata",
  booktitle = "Proceedings of ACM IMC",
  year = 2004,
  month = "October"
}

@misc{rfc4271bgp,
    author  = "Yakov Rekhter and Tony Li",
    title   = {A Border Gateway Protocol~4 ({BGP}-4)},
	howpublished = "IETF RFC4271", 
	number = "4271",
    month   = {January},
    year    = 2006
}

@misc{rfc3065,
  author = {P. Traina and D. McPherson and J. Scudder},
  title = "{A}utonomous {S}ystem {C}onfederations for {BGP}",
  year = 2001,
  month = "February"
}

@UNPUBLISHED{totem-lisis:2005,
  title = "{LISIS} - {A} simple {ISIS} analyser",
  author = "Olivier Bonaventure",
  note = "\url{http://totem.info.ucl.ac.be/lisis_tool/}",
  year = 2005,
  month = "June",
}

@UNPUBLISHED{totem:2005,
  title = "{A} {TO}olbox for {T}raffic {E}ngineering {M}ethods",
  author = "TOTEM",
  note = "\url{http://totem.info.ucl.ac.be}",
  year = 2005,
  month = "February",
}


@MISC{zebra:1996,
  title = "{GNU} {Z}ebra: free routing software",
  author = "Kunihiro Ishiguro",
  year = 1996,
  howpublished = "Available from \url{http://www.zebra.org}",
}

@ARTICLE{quoitin-cbgp:2005,
  title = "{M}odeling the {R}outing of an {A}utonomous {S}ystem with {C-BGP}",
  author = "B. Quoitin and S. Uhlig",
  journal = IEEENET,
  year = 2005
}

@ARTICLE{RUN10,
  AUTHOR = {S. Balon and O. Delcourt and J. Lepropre and F. Skivée and G. Leduc},
  TITLE = {A traffic engineering toolbox and its application to the GEANT network},
  JOURNAL = {Submitted to IEEE eTransactions on Network and Service Management},
  YEAR = {2005}
}
% Bibliography file for
%      subject:        temp
%      
%      File created:   Mon Feb  6 2006
%      
%      Matthew Roughan
% 

@InProceedings{FFF99,
  author =       "M. Faloutsos and P. Faloutsos and C. Faloutsos",
  title =        "On power-law relationships of the Internet topology",
  booktitle =    "ACM SIGCOMM'99",
  year =         "1999"
}


@InProceedings{uhlig-quantifying,
	author = "S.~Uhlig and S.~Tandel",
	title = {{Quantifying the Impact of Route-Reflection on BGP Routes Diversity inside a Tier-1 Network}},
	booktitle = "IFIP Networking",
	year = "2006"
}

@InProceedings{andersen02:_topol,
  author = 	 {D.G.~Andersen and N. Feamster and S. Bauer and H. Balakrishnan},
  title = 	 {Topology Inference from {BGP} Routing Dynamics},
  booktitle =	 IMW,
  year =	 2002
}


@Article{feamster03:_guide,
  author = 	 {N. Feamster and J. Borkenhagen and J. Rexford},
  title = 	 {Guidelines for Interdomain Traffic Engineering},
  journal = 	 CCR,
  year = 	 2003
}

@Misc{ripencc,
  key = "RIPE",
  title =	 {{RIPE} Routing Information Service},
  howpublished = {\url{http://www.ripe.net/ris/}}
}

@Misc{caida,
  title =	 {The {CAIDA} Web Site},
  howpublished = {\url{http://www.caida.org/data/}}
}

@Article{zhang:as-level-topology,
    author = {B. Zhang and R. Liu and D. Massey and L. Zhang},
    title = {{Collecting the Internet AS-level Topology}},
    journal = CCR,
    year = 2005
}

@book{performance-analysis,
    author = {R. Jain},
    title = {{The Art of Computer Systems Performance Analysis}},
    publisher = "John Wiley \& Sons, Inc.",
    year = 1991
}

@inproceedings{igen,
    author = {B. Quoitin and V. Van den Schrieck and P. Francois and O. Bonaventure},
    title = {{IGen: Generation of Router-level Internet Topologies through Network Design Heuristics}},
    booktitle = ITC,
    month = {September},
    year = 2009
}

@Unpublished{r-stat,
    author =       {Merit Network},
    title =        {{R -- A Language for Data Analysis and Graphics}},
    note =         {\url{http://www.r-project.org}}
}

@InProceedings{path-splicing,
 author = {M. Motiwala and M. Elmore and N. Feamster and S. Vempala},
 title = {{Path Splicing}},
 booktitle = SIGCOMM,
 year = {2008}
 }

@InProceedings{seattle,
 author = {Kim, Changhoon and Caesar, Matthew and Rexford, Jennifer},
 title = {Floodless in seattle: a scalable ethernet architecture for large enterprises},
 booktitle = SIGCOMM,
 year = {2008}
}

@ARTICLE{traffic-engineering,
    author = {Bernard Fortz and Jennifer Rexford and Mikkel Thorup},
    title = {Traffic engineering with traditional IP routing protocols},
    journal = {IEEE Communications Magazine},
    year = {2002},
}

@InProceedings{brite,
  author = 	 {A. Medina and A. Lakhina and I. Matta and J. Byers},
  title = 	 {{An Approach to Universal Topology Generation}},
  booktitle = {IEEE International Symposium on Modeling, Analysis and Simulation of Computer and Telecommunication Systems (MASCOTS)},
  year =	 2001,
}

@InProceedings{gt-itm,
  author = 	 {K. Calvert, J. Eagan, S. Merugu and A. Namjoshi and J. Stasko and E. Zegura},
  title = 	 {{Extending and Enhancing GT-ITM}},
  booktitle = {ACM SIGCOMM workshop on models, methods and
      tools for reproducible network research},
  year = 2003
}

@article{alderson,
  author = 	 {D. Alderson and J. Doyle and R. Govindan and W. Willinger},
  title = 	 {{Towards an Optimization-Driven Framework for Designing and Generating Realistic Internet Topologies}},
  journal = CCR,
  year = 2003
}

@book{bgp,
    author = {Stewart III, John~W.},
    title  = {BGP4 - Inter-Domain Routing in the Internet},
    publisher = {Addison Wesley Longman, Inc},
    year = 1999
}

@INPROCEEDINGS{microsoft-optimal,
author={R.~Draves and C.~King and S.~Venkatachary and B.~Zill},
title = {Constructing optimal {IP} routing tables},
booktitle=INFOCOM,
year={1999}
}

@InProceedings{pam-caching,
  author    = {Changhoon Kim and Matthew Caesar and Alexandre Gerber and Jennifer Rexford},
  title     = {Revisiting Route Caching: The World Should Be Flat},
  booktitle = PAM,
  year      = {2009}
}


@inproceedings{buffalo,
 author = {Yu, Minlan and Fabrikant, Alex and Rexford, Jennifer},
 title = {{BUFFALO}: bloom filter forwarding architecture for large organizations},
 booktitle = CONEXT,
 year = {2009}
 }


@InProceedings{path-inflation,
  author = 	 {N. Spring and R. Mahajan and T. Anderson},
  title = 	 {{Quantifying the Causes of Path Inflation}},
  booktitle = SIGCOMM,
  year =	 2003
}

@InProceedings{sigcomm99,
  author = 	 {S. Savage and A. Collins and E. Hoffman and J. Snell and T. Anderson},
  title = 	 {{The End-to-End Effects of Internet Path Selection}},
  booktitle = SIGCOMM,
  year =	 1999
}

@Article{hierarchical-routing,
  author =       {L. Kleinrock and F. Kamoun},
  title =        {{Hierarchical Routing for Large Networks: Performance Evaluation and Optimization}},
  journal =      {Computer Networks},
  volume = {1},
  pages = {155-174},
  year =  {1977}
}

@inproceedings{discarte,
 author = {R. Sherwood and A. Bender and N. Spring},
 title = {{DisCarte: A Disjunctive Internet Cartographer}},
 booktitle = SIGCOMM,
 year = {2008}
}

@InProceedings{FangPeterson:99,
	author = {Fang, Wenjia and Peterson, Larry},
	title = {Inter-AS Traffic Patterns and Their Implications},
    booktitle = GINET,
    year=1999
}

@InProceedings{feldmann:00,
  author =       {A. Feldmann and A. Greenberg and C. Lund and N.
  Reingold and J. Rexford and F. True}, 
  title =        {Deriving Traffic Demands for Operational {IP} Networks: Methodology and Experience},
  booktitle =    SIGCOMM,
  year =         {2000}
}

@InProceedings{ZhangBreslauPaxsonShenker2002,
	author = {Zhang, Yin and Breslau, Lee and Paxson, Vern and Shenker, Scott},
	title = {On the Characteristics and Origins of Internet Flow Rates},
	booktitle = SIGCOMM,
	year = {2002}
}

@Article{Wallerich:2005,
  author =       {J.~Wallerich and H.~Dreger and A.~Feldmann and B.~Krishnamurthy and W.~Willinger},
  title =        {A methodology for studying persistency aspects of Internet flows},
  journal =      CCR,
  year =         {2005}
}

@article{BrownleeClaffy02,
    author = "Kimberly C. Claffy and Nevil Brownlee",
    title = "Understanding {Internet} Traffic Streams: Dragonflies and {Tortoises}.",
    journal = "IEEE Communications Magazine",
    year = "2002"
}

@book{halabi:97,
        author = "Bassam Halabi",
        title = "{Internet} Routing Architectures",
        publisher = "Cisco Press",
        year = 1997
}

@book{moy:98,
	author = "John Moy",
	title = "{OSPF}: Anatomy of an {Internet} Routing Protocol",
	publisher = "Addison-Wesley",
	year = 1998
}

@INPROCEEDINGS{trafficdesignprinc,
	title={Impact of flow dynamics on traffic engineering design principles},
	author={Papagiannakit, K. and Taft, N. and Diot, C.},
	booktitle=INFOCOM,
	year={2004}
}

@inproceedings{fibium-conext,
 author = {Sarrar, Nadi and Feldmann, Anja and Uhlig, Steve and Sherwood, Rob and Huang, Xin},
 title = {Towards hardware accelerated software routers},
 booktitle = {Proceedings of the ACM CoNEXT Student Workshop},
 year = {2010}
} 



@inproceedings{netfpga-openflow,
	author = {J.~Naous and D.~Erickson and G.~Covington and G.~Appenzeller and N.~McKeown},
	title = {Implementing an {OpenFlow} switch on the {NetFPGA} platform},
	booktitle = "ACM ANCS",
	year = {2008},
}


@InProceedings{flowvisor-osdi,
    author =   {Rob Sherwood and Glen Gibb and {{Kok-Kiong}} Yapa and Martin Cassado and Guido Appenzeller and Nick McKeown and Guru Parulkar},
    title =    {Can the production network be the test-bed?},
    booktitle = {OSDI},
    ofbooktitle = {Symposium of Operating Systems Design and Implementation (OSDI)},
    year =     2010}

@inproceedings{plug_n_serv,
    author = "N. Handigol and S. Seetharaman and M. Flajslik and N. McKeown and R. Johari",
    title = "{Plug-n-Serve: Load-Balancing Web Traffic using OpenFlow}",
    booktitle = {ACM SIGCOMM Demo},
    month = "August",
    year = "2009"
}

@InProceedings{elastic_tree,
    author =   {Brandon Heller and Srini
        Seetharaman and Priya
            Mahadevan and Yiannis Yiakoumis and Puneet Sharma and Sujata
            Banerjee and Nick McKeown},
    title =    {{ElasticTree}: Saving Energy in Data Center Networks},
    booktitle = {Usenix Network Systems Implementation and Design (NSDI)},
    year =     2010}


@InProceedings{pam-caching2011,
  author = 	 {Kaustubh Gadkari and Daniel Massey and Christos
                  Papadopoulos},
  title = 	 {Dynamics of Prefix Usage at An Edge Router},
  booktitle = {Passive and Active Measurements Conference},
  year = 	 2011}


@inproceedings{difane,
    author = {Yu, Minlan and Rexford, Jennifer and Freedman, Michael J. and Wang, Jia},
    title = {Scalable flow-based networking with DIFANE},
    booktitle = SIGCOMM,
    issue_date = {2010},
    month = {August},
    year = {2010},
    keywords = {access control, network architecture, openflow, scalability}
} 


@article{flowvisor-ccr,
    author = {Sherwood, Rob and Chan, Michael and Covington, Adam and Gibb, Glen and Flajslik, Mario and Handigol, Nikhil and Huang, Te-Yuan and Kazemian, Peyman and Kobayashi, Masayoshi and Naous, Jad and Seetharaman, Srinivasan and Underhill, David and Yabe, Tatsuya and Yap, Kok-Kiong and Yiakoumis, Yiannis and Zeng, Hongyi and Appenzeller, Guido and Johari, Ramesh and McKeown, Nick and Parulkar, Guru},
    title = {Carving research slices out of your production networks with OpenFlow},
    journal = {SIGCOMM Comput. Commun. Rev.},
    volume = {40},
    issue = {1},
    month = {January},
    year = {2010},
    issn = {0146-4833},
    pages = {129--130},
    numpages = {2},
    url = {http://doi.acm.org/10.1145/1672308.1672333},
    doi = {http://doi.acm.org/10.1145/1672308.1672333},
    acmid = {1672333},
    publisher = {ACM},
    address = {New York, NY, USA},
    keywords = {architecture, flowvisor, openflow, slicing, virtual networks},
} 

@InProceedings{onix,
	author = {T.~Koponen and M.~Casado and N.~Gude and J.~Stribling and L.~Poutievski and M.~Zhu and R.~Ramanathan and Y.~Iwata and H.~Inoue and T.~Hama and S.~Shenker},
	title = {Onix: A Distributed Control Platform for Large-scale Production Networks},
	booktitle = OSDI,
	year = {2010},
}

@article{nox,
	author = {Gude, Natasha and Koponen, Teemu and Pettit, Justin and Pfaff, Ben and Casado, Mart\'{\i}n and McKeown, Nick and Shenker, Scott},
	title = {NOX: towards an operating system for networks},
	journal = ccr,
	year = {2008},
}

@article{flowstream,
	author = {Greenhalgh, Adam and Huici, Felipe and Hoerdt, Mickael and Papadimitriou, Panagiotis and Handley, Mark and Mathy, Laurent},
	title = {Flow processing and the rise of commodity network hardware},
	journal = ccr,
	year = {2009},
}

@misc{forces,
	title = {{IETF Working Group ForCES}},
	howpublished = {\small{\url{http://datatracker.ietf.org/wg/forces/}}}
}

@INPROCEEDINGS{tesseract-nsdi07,
	author = {Hong Yan and David A. Maltz and T. S. Eugene Ng and Hemant Gogineni and Hui Zhang and Zheng Cai},
	title = {{Tesseract: A 4D Network Control Plane}},    booktitle = NSDI,
	year = {2007}
}

@Misc{potaroo,
  key = 	 {potaroo},
  author = 	 {Geoff Huston},
  title = 	 {\url{http://bgpupdates.potaroo.net}}}

@inproceedings{packetshader,
	author = {Han, Sangjin and Jang, Keon and Park, KyoungSoo and Moon, Sue},
	title = {PacketShader: a GPU-accelerated software router},
	booktitle = SIGCOMM,
	year = {2010}
}

@inproceedings{netfpga,
	author = {Lockwood, John W. and McKeown, Nick and Watson, Greg and Gibb, Glen and Hartke, Paul and Naous, Jad and Raghuraman, Ramanan and Luo, Jianying},
	title = {{NetFPGA}--An Open Platform for Gigabit-Rate Network Switching and Routing},
	booktitle = {Proc. of IEEE MSE},
	year = {2007}
}

@article{Gude08,
  author =	 {Gude, Natasha and Koponen, Teemu and Pettit, Justin
                  and Pfaff, Ben and Casado, Mart\'{\i}n and McKeown,
                  Nick and Shenker, Scott},
  title =	 {NOX: towards an operating system for networks},
  journal =	 {SIGCOMM Comput. Commun. Rev.},
  ofvolume =	 {38},
  ofissue =	 {3},
  month =	 {July},
  year =	 {2008},
  ofnumpages =	 {6},
  ofacmid =	 {1384625},
  ofpublisher =	 {ACM},
  ofaddress =	 {New York, NY, USA},
} 

@Misc{SNAC,
  title =	 {The SNAC OpenFlow controller},
  year =	 {2010},
  note =	 {\url{http://www.openflow.org/wp/snac/}},
}

@TECHREPORT{Donnelly02,
    author = {Stephen F Donnelly},
    title = {High Precision Timing in Passive Measurements of Data Networks},
    institution = {},
    year = {2002}
}

#nice discussion about cpu clock drift
@article{Schmid08,
  author =	 {Schmid, Thomas and Charbiwala, Zainul and Friedman,
                  Jonathan and Cho, Young H. and Srivastava, Mani B.},
  title =	 {Exploiting manufacturing variations for compensating
                  environment-induced clock drift in time
                  synchronization},
  journal =	 {SIGMETRICS Perform. Eval. Rev.},
  volume =	 {36},
  issue =	 {1},
  month =	 {June},
  year =	 {2008},
  issn =	 {0163-5999},
  pages =	 {97--108},
  numpages =	 {12},
  url =		 {http://doi.acm.org/10.1145/1384529.1375469},
  doi =		 {http://doi.acm.org/10.1145/1384529.1375469},
  acmid =	 {1375469},
  publisher =	 {ACM},
  address =	 {New York, NY, USA},
  keywords =	 {clocks, emulation, oscillator, time synchronization},
} 

@inproceedings{openvswitch,
  author =	 {Justin Pettit and Jesse Gross and Ben Pfaff and Martin Casado and Simon Crosby},
  title =	 {Virtualizing the Network Forwarding Plane},
  booktitle =	 {DC-CAVES},
  ofbooktitle =	 {Proc. of the 2nd Workshop on Data Center - Converged and Virtual Ethernet Switching},
  year =	 {2010}

} 

@misc{dag-card,
  author =	 {Endace Data Acquisition and Generation cards},
  howpublished = {http://www.endace.com/},
}

@inproceedings{antichi2010open,
booktitle={Proc. of the 1st European NetFPGA Developers Workshop},
title={An Open-Source Hardware Module for High-Speed Network Monitoring on {NetFPGA}},
author={Gianni Antichi and David J. Miller and Stefano Giordano},
year=2010,
month=sep,
}

@inproceedings{openflow-netfpga,
  author =	 {Naous, Jad and Erickson, David and Covington,
                  G. Adam and Appenzeller, Guido and McKeown, Nick},
  title =	 {Implementing an OpenFlow switch on the NetFPGA
                  platform},
booktitle =      {ANCS},
  ofbooktitle =	 {Proceedings of the 4th ACM/IEEE Symposium on
                  Architectures for Networking and Communications
                  Systems},
  ofseries =	 {ANCS '08},
  year =	 {2008},
  ofisbn =	 {978-1-60558-346-4},
  oflocation =	 {San Jose, California},
  ofpages =	 {1--9},
  ofnumpages =	 {9},
  ofurl =		 {http://doi.acm.org/10.1145/1477942.1477944},
  ofdoi =		 {http://doi.acm.org/10.1145/1477942.1477944},
  ofacmid =	 {1477944},
  ofpublisher =	 {ACM},
  ofaddress =	 {New York, NY, USA},
  ofkeywords =	 {NetFPGA, OpenFlow, computer networks, flow
                  switching, packet switching, programmable networks},
}

@inproceedings{freedman2010exact,
 author = {Freedman, Daniel A. and Marian, Tudor and Lee, Jennifer H. and Birman, Ken and Weatherspoon, Hakim and Xu, Chris},
 title = {Exact temporal characterization of 10 Gbps optical wide-area network},
 ofbooktitle = {IMC 2010},
 booktitle = {Proceedings of the 10th annual conference on Internet measurement},
 series = {IMC 2010},
 year = {2010},
 ofisbn = {978-1-4503-0483-2},
 oflocation = {Melbourne, Australia},
 ofpages = {342--355},
 ofnumpages = {14},
 ofurl = {http://doi.acm.org/10.1145/1879141.1879187},
 doi = {http://doi.acm.org/10.1145/1879141.1879187},
 ofacmid = {1879187},
 publisher = {ACM},
 address = {New York, NY, USA},
 ofkeywords = {10 gbps, ethernet, optical network, wide-area network},
} 

@misc{nx2,
author="Agilent",
title="{N2X} router tester",
note={\url{http://advanced.comms.agilent.com/n2x/}},
}

@misc{ixia,
author="Ixia",
title="Interfaces",
note={\url{http://www.ixiacom.com/}},
}

@inproceedings{pktgen,
 author = {Olsson, R.},
 title = {pktgen the Linux packet generator},
 booktitle = {Proceedings of Linux symposium},
 year = {2005}
} 

@inproceedings{devoflow,
	author = {Curtis, Andrew R. and Mogul, Jeffrey C. and Tourrilhes, Jean and Yalagandula, Praveen and Sharma, Puneet and Banerjee, Sujata},
	title = {DevoFlow:Scaling Flow Management for High-Performance Networks},
	booktitle = SIGCOMM,
	year = {2011}
}

@misc{oflops-manual,
title= {\oflops},
note={\url{http://www.openflow.org/wk/index.php/Oflops}},
}

@techreport{unesco2012,
  author={ITU},
  title={The state of broadband 2012: achieving digital inclusion for all},
  institution={Broadband Commission for Digital Development},
  year={2012}
}
@misc{itufacts2011,
  author={ITU},
  title={The World in 2011: ICT facts and figures},
  note={\url{http://www.itu.int/ITU-D/ict/facts/2011/material/ICTFactsFigures2011.pdf}},
  year={2011}
}

@article{duRausas:2011un,
author = {du Rausas, Matthieu P{\'e}lissi{\'e} and Manyika, James and Hazan, Eric and Bughin, Jacques and Chui, Michael and Said, R{\'e}mi},
title = {{Internet matters: The Net's sweeping impact on growth, jobs, and prosperity}},
year = {2011},
pages = {1--13},
month = may, 
note= {\url{http://www.mckinsey.com/insights/mgi/research/technology_and_innovation/internet_matters}}
}

@webpage{ericson,
title = {{traffic and market report}},
url = {http://www.ericsson.com/res/docs/2012/traffic_and_market_report_june_2012.pdf}
}

@misc{Licklider1963,
    author = {Licklider, J. C. R.},
    citeulike-article-id = {9600064},
    citeulike-linkout-0 = {http://www.kurzweilai.net/memorandum-for-members-and-affiliates-of-the-intergalactic-computer-network},
    keywords = {inmasterthesis},
    month = apr,
    posted-at = {2011-08-01 13:31:58},
    priority = {2},
    title = {{Memorandum For Members and Affiliates of the Intergalactic Computer Network}},
    url = {http://www.kurzweilai.net/memorandum-for-members-and-affiliates-of-the-intergalactic-computer-network},
    year = {1963}
}

@article{Clark:1988,
 author = {Clark, D.},
 title = {The design philosophy of the DARPA internet protocols},
 journal = {SIGCOMM Comput. Commun. Rev.},
 issue_date = {August 1988},
 volume = {18},
 number = {4},
 month = aug,
 year = {1988},
 issn = {0146-4833},
 pages = {106--114},
 numpages = {9},
 url = {http://doi.acm.org/10.1145/52325.52336},
 doi = {10.1145/52325.52336},
 acmid = {52336},
 publisher = {ACM},
 address = {New York, NY, USA},
} 

@book{klang2005human,
author = {Klang, Mathias and Murray, Andrew},
title = {{Human Rights In The Digital Age}},
publisher = {GlassHouse},
year = {2005}
}

@article{Akhshabi:2011uz,
author = {Akhshabi, S and Dovrolis, C},
title = {{The evolution of layered protocol stacks leads to an hourglass-shaped architecture}},
journal = {ACM SIGCOMM Computer Communication Review},
year = {2011},
volume = {41},
number = {4},
pages = {206}
}

@article{Mills:1987tt,
author = {Mills, D L and Braun, H W},
title = {{The NSFNET backbone network}},
journal = {ACM SIGCOMM Computer Communication Review},
year = {1987},
volume = {17},
number = {5},
pages = {191--196}
}



@article{end2endIP,
 author = {Saltzer, J. H. and Reed, D. P. and Clark, D. D.},
 title = {End-to-end arguments in system design},
 journal = {ACM Trans. Comput. Syst.},
 issue_date = {Nov. 1984},
 volume = {2},
 number = {4},
 month = nov,
 year = {1984},
 issn = {0734-2071},
 pages = {277--288},
 numpages = {12},
 url = {http://doi.acm.org/10.1145/357401.357402},
 doi = {10.1145/357401.357402},
 acmid = {357402},
 publisher = {ACM},
 address = {New York, NY, USA},
 keywords = {data communication, design principles, protocol design},
} 

@book{Katz:2002:SCI:773243,
 author = {Katz, James E. and Rice, Ronald E.},
 title = {Social Consequences of Internet Use: Access, Involvement, and Interaction},
 year = {2002},
 isbn = {0262112698},
 publisher = {MIT Press},
 address = {Cambridge, MA, USA},
}

@article{Mobile:2012vd,
author = {Mobile, CVNI},
title = {{Cisco Visual Networking Index: Global Mobile Data Traffic Forecast Update, 2011--2016
}},
journal = {White Paper},
year = {2012}
}

@article{Cisco:2012wu,
author = {Cisco, I},
title = {{Cisco Visual Networking Index: Forecast and Methodology, 2011--2016}},
journal = {CISCO White paper},
year = {2012}
}

@article{Day:1983vy,
author = {Day, J D and Zimmermann, H},
title = {{The OSI reference model}},
journal = {Proceedings of the IEEE},
year = {1983},
volume = {71},
number = {12},
pages = {1334--1340}
}

@article{Huang:2010wb,
author = {Huang, J and Xu, Q and Tiwana, B and Mao, Z M and Zhang, M and Bahl, P},
title = {{Anatomizing application performance differences on smartphones}},
year = {2010},
pages = {165--178}
}

@inproceedings{Dischinger:2007bg,
author = {Dischinger, Marcel and Haeberlen, Andreas and Gummadi, Krishna P and Saroiu, Stefan},
title = {{Characterizing residential broadband networks}},
booktitle = {IMC '07: Proceedings of the 7th ACM SIGCOMM conference on Internet measurement},
year = {2007},
publisher = { ACM  Request Permissions},
month = oct
}

@webpage{Ackerman:2009wf,
ofauthor = {Ackerman, Nick and Ross, Anderson and Arora, Ashish and de Barros, Augusto Paes and Blum, Renato Opice and Carter, Lynn Robert and Farnsely, Gail and Gercke, Marco and Kannan, Kantnrthik and Krishnan, Sivarama and Lee, Heejo and LongStaff, Tom and Rees, Jacquelyn and Shimeall, Timothy and Spafford, Eugene and Takefuji, Yoshiyasu and Uchida, Katsuya and Versace, Michael and Yuqing, Sun},
title = {{Unsecured Economies: Protecting Vital Information
}},
year = {2009},
url = {http://www.cerias.purdue.edu/assets/pdf/mfe_unsec_econ_pr_rpt_fnl_online_012109.pdf}
}

@techreport{TeiSha02,
    author = {Teitelbaum, B. and Shalunov, S.},
    citeulike-article-id = {10404477},
    citeulike-linkout-0 = {http://qos.internet2.edu/wg/documents-informational/20020503-premium-problems-non-architectural.html},
    institution = {Internet2},
    month = may,
    posted-at = {2012-03-02 11:53:40},
    priority = {0},
    title = {{Why Premium IP Service Has Not Deployed (and Probably Never Will) }},
    url = {http://qos.internet2.edu/wg/documents-informational/20020503-premium-problems-non-architectural.html},
    year = {2002}
}

@article{Bauer:2011ws,
author = {Bauer, S and Beverly, R and Berger, A},
title = {{Measuring the state of ECN readiness in servers, clients, and routers}},
year = {2011},
pages = {171--180}
}

@inproceedings{Honda:2011ci,
author = {Honda, Michio and Nishida, Yoshifumi and Raiciu, Costin and Greenhalgh, Adam and Handley, Mark and Tokuda, Hideyuki},
title = {{Is it still possible to extend TCP?}},
booktitle = {IMC '11: Proceedings of the 2011 ACM SIGCOMM conference on Internet measurement conference},
year = {2011},
publisher = { ACM  Request Permissions},
month = nov
}

@webpage{Kobayashi:vn,
author = {Kobayashi, Masayoshi and Seetharaman, Srini and Parulkar, Guru and Appenzeller, Guido and Little, Joseph and van Reijendam, Johan and Weissmann, Paul and McKeown, Nick},
title = {{Maturing of OpenFlow and Software Defined Networking through Deployments
}},
url = {http://yuba.stanford.edu/openflow/documents/openflow_deployment_journal_paper_aug2012.pdf}
}

@webpage{internet2,
title = {{Internet2}},
url = {http://www.internet2.edu/}
}

@webpage{ofelia,
title = {{FP7 Ofelia}},
url = {http://www.fp7-ofelia.eu/}
}

@webpage{Weissmann:va,
author = {Weissmann, Paul and Seetharaman, Srini},
title = {{How mature is OpenFlow to be introduced in production networks}},
url = {http://changeofelia.info.ucl.ac.be/pmwiki/uploads/SummerSchool/Program/session_004.pdf}
}

@webpage{pttcp,
title = {{Pratt's Test TCP}},
url = {http://www.cl.cam.ac.uk/research/srg/netos/netx/index.html}
}

@book{Pelkey:2011ua,
author = {Pelkey, Joshua and Riley, George},
title = {{Distributed Simulation with MPI in ns-3}},
year = {2011},
month = mar
}


@TECHREPORT{homenetProfiler,
    author = {Cioccio, Lucas Di and Teixeira, Rennate and Rosenberg, Catherine},
    title = {Characterizing home networks with HomeNet Profiler},
    institution = {Technicolor},
    year = {2011}
}

@INPROCEEDINGS{Yarvis05characterizationof,
    author = {Mark Yarvis and Konstantina Papagiannaki and W. Steven Conner},
    title = {Characterization of 802.11 wireless networks in the home},
    booktitle = {In Proceedings of the 1st workshop on Wireless Network
      Measurements (Winmee)},
    year = {2005}
}

@inproceedings{Reggani12,
 author = {Reggani, Ahlem and Schneider, Fabian and Teixeira, Renata},
 title = {An end-host view on local traffic at home and work},
 booktitle = {Proceedings of the 13th international conference on Passive and Active Measurement},
 series = {PAM'12},
 year = {2012},
 isbn = {978-3-642-28536-3},
 location = {Vienna, Austria},
 pages = {21--31},
 numpages = {11},
 url = {http://dx.doi.org/10.1007/978-3-642-28537-0_3},
 doi = {10.1007/978-3-642-28537-0_3},
 acmid = {2238900},
 publisher = {Springer-Verlag},
 address = {Berlin, Heidelberg},
}

@inproceedings{Kreibich10,
 author = {Kreibich, Christian and Weaver, Nicholas and Nechaev, Boris and Paxson, Vern},
 title = {Netalyzr: illuminating the edge network},
 booktitle = {Proceedings of the 10th ACM SIGCOMM conference on Internet measurement},
 series = {IMC '10},
 year = {2010},
 isbn = {978-1-4503-0483-2},
 location = {Melbourne, Australia},
 pages = {246--259},
 numpages = {14},
 url = {http://doi.acm.org/10.1145/1879141.1879173},
 doi = {10.1145/1879141.1879173},
 acmid = {1879173},
 publisher = {ACM},
 address = {New York, NY, USA},
 keywords = {network measurement, network neutrality, network performance, network troubleshooting},
}

@inproceedings{Hatonen10,
 author = {H\"{a}t\"{o}nen, Seppo and Nyrhinen, Aki and Eggert, Lars and Strowes, Stephen and Sarolahti, Pasi and Kojo, Markku},
 title = {An experimental study of home gateway characteristics},
 booktitle = {Proceedings of the 10th ACM SIGCOMM conference on Internet measurement},
 series = {IMC '10},
 year = {2010},
 isbn = {978-1-4503-0483-2},
 location = {Melbourne, Australia},
 pages = {260--266},
 numpages = {7},
 url = {http://doi.acm.org/10.1145/1879141.1879174},
 doi = {10.1145/1879141.1879174},
 acmid = {1879174},
 publisher = {ACM},
 address = {New York, NY, USA},
 keywords = {behavior, characteristics, home gateways, measurements},
}

@article{Dischinger2007,
address = {New York, New York, USA},
author = {Dischinger, Marcel and Haeberlen, Andreas and Gummadi, Krishna P. and Saroiu, Stefan},
doi = {10.1145/1298306.1298313},
file = {:Users/cr409/Dropbox/Menderley/32ea54ba173ab828ded259138068347b85169cd7.pdf:pdf},
isbn = {9781595939081},
journal = {Proceedings of the 7th ACM SIGCOMM conference on Internet measurement - IMC '07},
keywords = {broadband access networks,cable,dsl,network measure-},
pages = {43},
publisher = {ACM Press},
title = {{Characterizing residential broadband networks}},
url = {http://portal.acm.org/citation.cfm?doid=1298306.1298313},
year = {2007}
}


@webpage{fcc,
title = {{A Report on Consumer Wireline Broadband Performance in the U.S.}},
author = {FCC},
url = {http://www.fcc.gov/measuring-broadband-america/2012/july}
}

@webpage{ofcom,
title = {{The Consumer Experience of 2012}},
author = {ofcom},
url = {http://stakeholders.ofcom.org.uk/binaries/research/consumer-experience/tce-12/Consumer_Experience_Researc1.pdf}
}

@article{Sundaresan2011,
author = {Sundaresan, Srikanth and de Donato, W},
file = {:Users/cr409/Dropbox/Menderley/f9e4324d3158525913afc93510aed9039cdb9406.pdf:pdf},
isbn = {9781450307970},
journal = {SIGCOMM-Computer \ldots},
keywords = {access networks,benchmarking,bismark,broadband networks},
number = {Section 5},
title = {{Broadband internet performance: a view from the gateway}},
url = {http://wpage.unina.it/walter.dedonato/pubs/bb\_sigcomm11.pdf},
year = {2011}
}

@article{Maier2009,
author = {Maier, Gregor and Feldmann, A and Paxson, Vern and Allman, Mark},
file = {:Users/cr409/Dropbox/Menderley/9fca1d009618689effe8f0696ac9bb9f01ce6545.pdf:pdf},
isbn = {9781605587707},
journal = {\ldots conference on Internet \ldots},
keywords = {application mix,dsl,formance,friends in myriad ways,however,http usage,ing with family and,network measurement,residential broadband traffic,tcp per-,the nature of},
title = {{On dominant characteristics of residential broadband internet traffic}},
url = {http://dl.acm.org/citation.cfm?id=1644904},
year = {2009}
}

@article{Cho2006,
author = {Cho, Kenjiro and Fukuda, Kensuke and Esaki, Hiroshi and Kato, Akira},
doi = {10.1145/1151659.1159938},
file = {:Users/cr409/Dropbox/Menderley/f0ee304ccf7a4e88554d7fae57b6e5d25a3a0260.pdf:pdf},
isbn = {1595933085},
issn = {01464833},
journal = {ACM SIGCOMM Computer Communication Review},
month = aug,
number = {4},
pages = {207},
title = {{The impact and implications of the growth in residential user-to-user traffic}},
url = {http://portal.acm.org/citation.cfm?doid=1151659.1159938},
volume = {36},
year = 2006,
}

@article{Erman2011,
author = {Erman, Jeffrey and Gerber, Alexandre and Sen, Subhabrata},
file = {:Users/cr409/Dropbox/Menderley/4ee2574cd9d56cb37f21999a19074eeb43b9b949.pdf:pdf},
isbn = {9781450301985},
journal = {ACM SIGCOMM Computer Communication \ldots},
keywords = {consumer devices,home networks,traffic classification},
pages = {43--48},
title = {{HTTP in the Home : It is not just about PCs}},
url = {http://dl.acm.org/citation.cfm?id=1925876},
year = {2011}
}
