%% This BibTeX bibliography file was created using BibDesk.
%% http://bibdesk.sourceforge.net/


%% Created for Haris Rotsos at 2014-03-17 18:15:09 +0000 


%% Saved with string encoding Unicode (UTF-8) 


@string{acmtcs = {ACM Trans.\ Computer Systems}}

@string{cacm = {Communications of the ACM}}

@string{cc = {Computer Communications}}

@string{ccr = {ACM CCR}}

@string{ccs = {ACM CCS}}

@string{comnet = {Computer Networks}}

@string{computer = {IEEE Computer Magazine}}

@string{conext = {ACM CoNEXT}}

@string{freenix = {Freenix}}

@string{ftcs = {International Symposium on Fault-Tolerant Computing}}

@string{ginet = {IEEE Global Internet}}

@string{globecom = {IEEE GLOBECOM}}

@string{hotnets = {ACM HotNets}}

@string{hsnmc = {High Speed Networking and Multimedia Computing Symp.}}

@string{icc = {International Conference on Communications}}

@string{icnp = {ICNP}}

@string{ieeecom = {IEEE Communication Magazine}}

@string{ieeejsac = {IEEE J.\ Selected Areas in Communications}}

@string{ieeenet = {IEEE Network Magazine}}

@string{ieeetcom = {IEEE Trans.\ Communications}}

@string{ieeetit = {IEEE Trans.\ Information Theory}}

@string{ieeetn = {IEEE/ACM Trans.\ Networking}}

@string{ietf = {{IETF}}}

@string{ijcs = {Int.\ Journal on Communication Systems}}

@string{ijdacs = {Int.\ Journal on Digital and Analog Communication Systems}}

@string{imc = {ACM IMC}}

@string{imw = {ACM IMW}}

@string{inet = {INET}}

@string{infocom = {IEEE INFOCOM}}

@string{internetwork = {Journal of Internetworking: Research and Experience}}

@string{ipj = {Internet Protocol Journal}}

@string{itc = {ITC}}

@string{jacm = {J.\ of the ACM}}

@string{mta = {Multimedia Tools and Applications}}

@string{nsdi = {NSDI}}

@string{osdi = {OSDI}}

@string{pam = {PAM}}

@string{pieee = {Proc.\ of the IEEE}}

@string{prdc = {PRDC}}

@string{sigcomm = {ACM SIGCOMM}}

@string{sigmetrics = {ACM SIGMETRICS}}

@string{tsws = {ACM SIGCOMM Network Troubleshooting Workshop}}

@string{ufsi = {USENIX Conf.\ on File and Storage Technologies}}

@string{usenix = {Usenix}}

@string{www = {ACM WWW}}


@article{Atzori2010,
	Author = {Luigi Atzori and Antonio Iera and Giacomo Morabito},
	Date-Added = {2014-03-17 18:14:06 +0000},
	Date-Modified = {2014-03-17 18:14:30 +0000},
	Doi = {http://dx.doi.org/10.1016/j.comnet.2010.05.010},
	Issn = {1389-1286},
	Journal = {Computer Networks},
	Keywords = {RFID systems},
	Number = {15},
	Pages = {2787 - 2805},
	Title = {The Internet of Things: A survey},
	Url = {http://www.sciencedirect.com/science/article/pii/S1389128610001568},
	Volume = {54},
	Year = {2010},
	Bdsk-Url-1 = {http://www.sciencedirect.com/science/article/pii/S1389128610001568},
	Bdsk-Url-2 = {http://dx.doi.org/10.1016/j.comnet.2010.05.010}}

@misc{prime-number-theorem,
	Author = {Charles Louis Xavier Joseph de la Vall{\'e}e Poussin},
	Note = {A strong form of the prime number theorem, 19th century}}

@book{texbook,
	Author = {Donald E. Knuth},
	Publisher = {Addison-Wesley},
	Title = {The {{\TeX}book}},
	Year = 1984}

@book{latex,
	Author = {Leslie Lamport},
	Publisher = {Addison-Wesley},
	Title = {{\LaTeX:} {A} Document Preparation System},
	Year = 1986}

@book{RR73,
	Address = {New York},
	Author = {H. Radjavi and P. Rosenthal},
	Publisher = {Springer-Verlag},
	Title = {Invariant {Subspaces}},
	Year = {1973}}

@book{Aup91,
	Address = {New York},
	Author = {B. Aupetit},
	Publisher = {Springer-Verlag},
	Title = {A {Primer} on {Spectral} {Theory}},
	Year = {1991}}

@book{Dou72,
	Address = {New York},
	Author = {R. G. Douglas},
	Publisher = {Academic Press},
	Title = {Banach {Algebra} {Techniques} in {Operator} {Theory}},
	Year = {1972}}

@book{Hal82,
	Address = {New York},
	Author = {P. R. Halmos},
	Edition = {Second},
	Publisher = {Springer-Verlag},
	Title = {A {Hilbert} {Space} {Problem} {Book}},
	Year = {1982}}

@book{Rud73,
	Address = {New York},
	Author = {W. Rudin},
	Publisher = {McGraw-Hill},
	Title = {Functional {Analysis}},
	Year = {1973}}

@book{Con90,
	Address = {New York},
	Author = {J. B. Conway},
	Edition = {Second},
	Publisher = {Springer-Verlag},
	Title = {A {Course} in {Functional} {Analysis}},
	Year = {1990}}

@book{Con78,
	Address = {New York},
	Author = {J. B. Conway},
	Publisher = {Springer-Verlag},
	Title = {Functions of {One} {Complex} {Variable}},
	Year = {1978}}

@book{KR83,
	Address = {New York},
	Author = {R. V. Kadison and J. R. Ringrose},
	Publisher = {Academic Press},
	Title = {Fundamentals of the {Theory} of {Operator} {Algebras}, {Part} {I}},
	Year = {1983}}

@book{KR86,
	Address = {New York},
	Author = {R. V. Kadison and J. R. Ringrose},
	Publisher = {Academic Press},
	Title = {Fundamentals of the {Theory} of {Operator} {Algebras}, {Part} {II}},
	Year = {1986}}

@inbook{SFPT,
	Address = {New York},
	Author = {N. Dunford and J. T. Schwartz},
	Pages = {456},
	Publisher = {Interscience},
	Title = {Linear {Operators}, {Part} {I}: {General} {Theory}},
	Year = {1957}}

@book{DS57,
	Address = {New York},
	Author = {N. Dunford and J. T. Schwartz},
	Publisher = {Interscience},
	Title = {Linear {Operators}, {Part} {I}: {General} {Theory}},
	Year = {1957}}

@book{Gan59,
	Address = {New York},
	Author = {F. R. Gantmacher},
	Publisher = {Interscience},
	Title = {Applications of the {Theory} of {Matrices}},
	Year = {1959}}

@book{Pau86,
	Address = {Harlow UK},
	Author = {Vern I. Paulsen},
	Publisher = {Longman Scientific \& Technical},
	Series = {Pitman Research Notes in Mathematics Series},
	Title = {Completely bounded maps and dilations},
	Volume = {146},
	Year = {1986}}

@book{Dav88,
	Address = {Harlow UK},
	Author = {Kenneth R. Davidson},
	Publisher = {Longman Scientific \& Technical},
	Series = {Pitman Research Notes in Mathematics Series},
	Title = {Nest algebras},
	Volume = {191},
	Year = {1988}}

@book{Spi65,
	Address = {New York},
	Author = {Michael Spivak},
	Publisher = {The Benjamin/Cummings Publishing Company},
	Title = {Calculus on {Manifolds}},
	Year = {1965}}

@book{Dev68,
	Address = {New York},
	Author = {Allen Devinaz},
	Publisher = {Holt, Rinehart and Winston},
	Title = {Advanced {Calculus}},
	Year = {1968}}

@book{Gam90,
	Address = {New York},
	Editor = {R. V. Gamkerlidze},
	Publisher = {Springer-Verlag},
	Series = {Encyclopaedia of Mathematical Sciences},
	Title = {Analysis {I}{I}: {Convex} {Analysis} and {Approximation} {Theory}},
	Volume = {14},
	Year = {1990}}

@book{Hen93,
	Address = {London},
	Author = {Peter Henderson},
	Publisher = {McGraw-Hill},
	Title = {Object-oriented specification and design with {C}$++$},
	Year = {1993}}

@article{Rea85,
	Author = {C. J. Read},
	Journal = {Bull. London Math. Soc.},
	Pages = {305-317},
	Title = {A solution to the invariant subspace problem on the space $l_1$},
	Volume = {17},
	Year = {1985}}

@article{Enf87,
	Author = {P. Enflo},
	Journal = {Acta. Math.},
	Note = {Seminare Maurey-Schwartz (1975-1976)},
	Pages = {213-313},
	Title = {On the invariant subspaces problem for {Banach} spaces},
	Volume = {158},
	Year = {1987}}

@article{Dau75,
	Author = {J. Daughtry},
	Journal = {Proc. Amer. Math. Soc.},
	Pages = {267-268},
	Title = {An invariant subspace theorem},
	Volume = {49},
	Year = {1975}}

@article{KPS75,
	Author = {H. W. Kim and C. Pearcy and A. L. Shields},
	Journal = {Michigan Math. J.},
	Number = {3},
	Pages = {193-194},
	Title = {Rank-One Commutators and Hyperinvariant Subspaces},
	Volume = {22},
	Year = {1975}}

@article{Rad87,
	Author = {H. Radjavi},
	Journal = {J. Alg.},
	Pages = {427-430},
	Title = {The {Engel}-{Jacobson} {Theorem} {Revisited}},
	Volume = {111},
	Year = {1987}}

@article{MOR91,
	Author = {B. Mathes and M. Omladi\v{c} and H. Radjavi},
	Journal = {Linear Algebra Appl.},
	Pages = {215-225},
	Title = {Linear {Spaces} of {Nilpotent} {Operators}},
	Volume = {149},
	Year = {1991}}

@article{Lom73,
	Author = {V. I. Lomonosov},
	Journal = {Functional Anal. Appl.},
	Pages = {213-214},
	Title = {Invariant subspaces for operators commuting with compact operators},
	Volume = 7,
	Year = 1973}

@article{Lom91,
	Author = {V. I. Lomonosov},
	Journal = {Israel J. Math},
	Pages = {329-339},
	Title = {An extension of {Burnside}'s theorem to infinite dimensional spaces},
	Volume = 75,
	Year = 1991}

@article{Lom92,
	Author = {V. I. Lomonosov},
	Journal = {Proc. Amer. Math. Soc.},
	Month = jul,
	Number = 3,
	Pages = {775-777},
	Title = {On {Real} {Invariant} {Subspaces} of {Bounded} {Operators} with {Compact} {Imaginary} {Part}},
	Volume = 115,
	Year = 1992}

@article{dB59,
	Author = {L. de Branges},
	Journal = {Proc. Amer. Math. Soc.},
	Pages = {822-824},
	Title = {The {Stone}-{Weierstrass} {Theorem}},
	Volume = 10,
	Year = 1959}

@article{dB93,
	Author = {L. de Branges},
	Journal = {Math. Nachr.},
	Pages = {163-175},
	Title = {A construction of invariant subspaces},
	Volume = 163,
	Year = 1993}

@article{AAB95,
	Author = {Y. A. Abramovich and C. D. Aliprantis and O. Burkinshaw},
	Journal = {Operator Theory in Function Spaces and Banach Lattices. {\em The A.C.\,Zaanen Anniversary Volume}, Operator Theory: Advances and Applications},
	Note = {Birkhauser Verlag},
	Pages = {15-31},
	Title = {Another Characterization of the Invariant Subspace Problem},
	Volume = {75},
	Year = {1995}}

@article{LM65,
	Author = {Ju. I. Ljubi\v{c} and V. I. Macaev},
	Journal = {Amer. Math. Soc. Transl. (2)},
	Pages = {89-129},
	Title = {On Operators with a Separable Spectrum},
	Volume = {47},
	Year = {1965}}

@mastersthesis{Sim90,
	Author = {A. Simoni\v{c}},
	School = {Univerza v Ljubljani, FNT, Oddelek za Matematiko},
	Title = {Grupe Operatorjev s Pozitivnim Spektrom},
	Year = {1990}}

@unpublished{Sim91,
	Author = {A. Simoni\v{c}},
	Note = {Lecture Notes, Dalhousie University, Department of Mathematics, Statistics, \& Computing Science},
	Title = {Notes on {Subharmonic} {Functions}},
	Year = {1991}}

@article{Sim92,
	Author = {A. Simoni\v{c}},
	Journal = {Linear Algebra Appl.},
	Pages = {57-76},
	Title = {Matrix {Groups} with {Positive} {Spectra}},
	Volume = {173},
	Year = {1992}}

@phdthesis{Sim94,
	Author = {A. Simoni\v{c}},
	School = {Dalhousie University, Department of Mathematics, Statistics, \& Computing Science},
	Title = {An {Extension} of {Lomonosov's} {Techniques} to {Non}-{Compact} {Operators}},
	Year = {1994}}

@article{Sim96a,
	Author = {A. Simoni\v{c}},
	Journal = {Pacific J. Math.},
	Pages = {257-270},
	Title = {A {Construction} of {Lomonosov} {Functions} and {Applications} to the {Invariant} {Subspace} {Problem}},
	Volume = {175},
	Year = {1996}}

@article{Sim96b,
	Author = {A. Simoni\v{c}},
	Journal = {Trans. Amer. Math. Soc.},
	Pages = {975-995},
	Title = {An extension of {Lomonosov's} {Techniques} to non-compact {Operators}},
	Volume = {348},
	Year = {1996}}

@inproceedings{aggarwal09:_netpr,
	Address = {Boston, MA, USA},
	Author = {B. Aggarwal and R. Bhagwan and T. Das and S. Eswaran and V.N. Padmanabhan and G.M. Voelker},
	Booktitle = {Proc. USENIX NSDI},
	Month = apr,
	Title = {NetPrints: Diagnosing Home Network Misconfigurations Using Shared Knowledge},
	Year = 2009}

@article{Arasu05:_cql,
	Acmid = {1146463},
	Address = {Secaucus, NJ, USA},
	Author = {Arasu, Arvind and Babu, Shivnath and Widom, Jennifer},
	Doi = {10.1007/s00778-004-0147-z},
	Issn = {1066-8888},
	Issue_Date = {June 2006},
	Journal = {The VLDB Journal},
	Keywords = {Continuous queries, Data streams, Query language, Query processing},
	Month = jun,
	Number = {2},
	Numpages = {22},
	Pages = {121--142},
	Publisher = {Springer-Verlag New York, Inc.},
	Title = {The {CQL} continuous query language: semantic foundations and query execution},
	Url = {http://dx.doi.org/10.1007/s00778-004-0147-z},
	Volume = {15},
	Year = {2006},
	Bdsk-Url-1 = {http://dx.doi.org/10.1007/s00778-004-0147-z}}

@inproceedings{balfanz04:_networ,
	Author = {D. Balfanz and G. Durfee and R.E. Grinter and D.K. Smetters and P. Stewart},
	Booktitle = {Proc. USENIX Security},
	Ofaddress = {San Diego, CA, USA},
	Title = {Network-in-a-box: how to set up a secure wireless network in under a minute},
	Year = 2004}

@article{blumenthal01:_rethin_desig_inter,
	Author = {M. Blumenthal and D. Clark},
	Journal = {ACM Transactions on Internet Technology},
	Title = {Rethinking the Design of the Internet: The End-to-End Argument vs. the Brave New World},
	Year = 2001}

@book{brand94:_how_build_learn,
	Address = {New York},
	Author = {S. Brand},
	Publisher = {Viking},
	Title = {How Buildings Learn: What Happens After They're Built},
	Year = 1994}

@inproceedings{calvert07:_movin_towar_middl,
	Author = {K. Calvert and W.K. Edwards and R. Grinter},
	Booktitle = {Proc. HOTNETS},
	Ofaddress = {Atlanta, GA, USA},
	Ofmonth = nov,
	Title = {Moving Toward the Middle: The Case Against the End-to-End Argument in Home Networking},
	Year = 2007}

@article{Gupta01,
	Author = {Gupta, P. and McKeown, N.},
	Doi = {10.1109/65.912717},
	Issn = {0890-8044},
	Journal = {Network, IEEE},
	Number = {2},
	Pages = {24-32},
	Title = {Algorithms for packet classification},
	Volume = {15},
	Year = {2001},
	Bdsk-Url-1 = {http://dx.doi.org/10.1109/65.912717}}

@inproceedings{Canini12,
	Acmid = {2228312},
	Address = {Berkeley, CA, USA},
	Author = {Canini, Marco and Venzano, Daniele and Pere\v{s}\'{\i}ni, Peter and Kosti\'{c}, Dejan and Rexford, Jennifer},
	Booktitle = {Proceedings of the 9th USENIX conference on Networked Systems Design and Implementation},
	Location = {San Jose, CA},
	Numpages = {1},
	Pages = {10--10},
	Publisher = {USENIX Association},
	Series = {NSDI'12},
	Title = {A NICE way to test openflow applications},
	Url = {http://dl.acm.org/citation.cfm?id=2228298.2228312},
	Year = {2012},
	Bdsk-Url-1 = {http://dl.acm.org/citation.cfm?id=2228298.2228312}}

@inproceedings{Handigol12b,
	Acmid = {2342453},
	Address = {New York, NY, USA},
	Author = {Handigol, Nikhil and Heller, Brandon and Jeyakumar, Vimalkumar and Mazi{\'e}res, David and McKeown, Nick},
	Booktitle = {Proceedings of the first workshop on Hot topics in software defined networks},
	Doi = {10.1145/2342441.2342453},
	Isbn = {978-1-4503-1477-0},
	Keywords = {interactive, network debugging, software-defined networks},
	Location = {Helsinki, Finland},
	Numpages = {6},
	Pages = {55--60},
	Publisher = {ACM},
	Series = {HotSDN '12},
	Title = {Where is the debugger for my software-defined network?},
	Url = {http://doi.acm.org/10.1145/2342441.2342453},
	Year = {2012},
	Bdsk-Url-1 = {http://doi.acm.org/10.1145/2342441.2342453},
	Bdsk-Url-2 = {http://dx.doi.org/10.1145/2342441.2342453}}

@article{Dean13,
	Acmid = {2408794},
	Address = {New York, NY, USA},
	Author = {Dean, Jeffrey and Barroso, Luiz Andr{\'e}},
	Doi = {10.1145/2408776.2408794},
	Issn = {0001-0782},
	Issue_Date = {February 2013},
	Journal = {Commun. ACM},
	Month = feb,
	Number = {2},
	Numpages = {7},
	Pages = {74--80},
	Publisher = {ACM},
	Title = {The tail at scale},
	Url = {http://doi.acm.org/10.1145/2408776.2408794},
	Volume = {56},
	Year = {2013},
	Bdsk-Url-1 = {http://doi.acm.org/10.1145/2408776.2408794},
	Bdsk-Url-2 = {http://dx.doi.org/10.1145/2408776.2408794}}

@inproceedings{calvert10:_instr_home_networ,
	Author = {K. Calvert and K.W. Edwards and N. Feamster and R. Grinter and Y. Deng and X. Zhou},
	Booktitle = {Proc. ACM HOMENETS},
	Ofaddress = {New Delhi, India},
	Ofmonth = sep,
	Title = {Instrumenting Home Networks},
	Year = 2010}

@inproceedings{casado07:_ethan,
	Author = {M. Casado and M. Freedman and J. Pettit and N. McKeown and S. Shenker},
	Booktitle = {Proc. ACM SIGCOMM},
	Ofaddress = {Kyoto, Japan},
	Ofmonth = aug,
	Title = {Ethane: Taking Control of the Enterprise},
	Year = 2007}

@inproceedings{covington13,
	Author = {Casado, M. and Freedman, M. and Pettit, J. and McKeown, N. and Shenker, S.},
	Booktitle = {Proc. ACM SIGCOMM},
	Title = {Forwarding Metamorphosis: Fast Programmable Match-Action Processing in Hardware for SDN},
	Year = 2013}

@inproceedings{chetty07,
	Author = {M. Chetty and J.-Y. Sung and R.E. Grinter},
	Booktitle = {Proc. UbiComp},
	Ofaddress = {Innsbruck, Austria},
	Ofmonth = sep,
	Ofpages = {127--144},
	Title = {How Smart Homes Learn: The Evolution of the Networked Home and Household},
	Year = 2007}

@inproceedings{Chetty10,
	Acmid = {1753423},
	Address = {New York, NY, USA},
	Author = {Chetty, Marshini and Banks, Richard and Harper, Richard and Regan, Tim and Sellen, Abigail and Gkantsidis, Christos and Karagiannis, Thomas and Key, Peter},
	Booktitle = {Proceedings of the SIGCHI Conference on Human Factors in Computing Systems},
	Doi = {10.1145/1753326.1753423},
	Isbn = {978-1-60558-929-9},
	Keywords = {bandwidth monitoring, home broadband, home networks},
	Location = {Atlanta, Georgia, USA},
	Numpages = {10},
	Pages = {659--668},
	Publisher = {ACM},
	Series = {CHI '10},
	Title = {Who's hogging the bandwidth: the consequences of revealing the invisible in the home},
	Url = {http://doi.acm.org/10.1145/1753326.1753423},
	Year = {2010},
	Bdsk-Url-1 = {http://doi.acm.org/10.1145/1753326.1753423},
	Bdsk-Url-2 = {http://dx.doi.org/10.1145/1753326.1753423}}

@inproceedings{cooke06:_reclaim,
	Author = {E. Cooke and R. Mortier and A. Donnelly and P. Barham and R. Isaacs},
	Booktitle = {Proc. USENIX ATC},
	Ofaddress = {Boston, MA, USA},
	Ofmonth = jun,
	Ofpages = {257--262},
	Title = {Reclaiming network-wide visibility using ubiquitous endsystem monitors},
	Year = 2006}

@inproceedings{crabtree03,
	Author = {A. Crabtree and T. Rodden and T. Hemmings and S. Benford},
	Booktitle = {Proc. UbiComp},
	Ofaddress = {Seattle, WA, USA},
	Ofmonth = oct,
	Ofpages = {208--226},
	Ofpublisher = {Springer},
	Title = {Finding a Place for UbiComp in the Home},
	Year = 2003}

@inproceedings{grinter05,
	Author = {R.E. Grinter and W.K. Edwards},
	Booktitle = {Proc. ECSCW},
	Ofaddress = {Paris, France},
	Ofmonth = sep,
	Ofpages = {469--488},
	Title = {The Work to Make the Home Network Work},
	Year = 2005}

@inproceedings{joumblatt10:_hostv,
	Author = {D. Joumblatt and R. Teixeira and J. Chandrashekar and N. Taft},
	Booktitle = {Proc. ACM HOTMETRICS},
	Ofaddress = {New York, NY, USA},
	Ofmonth = jun,
	Title = {{HostView}: Annotating end-host performance measurements with user feedback},
	Year = 2010}

@inproceedings{kandula09:_detail,
	Author = {S. Kandula and R. Mahajan and P. Verkaik and S. Agarwal and J. Padhye and P. Bahl},
	Booktitle = {Proc. ACM SIGCOMM},
	Ofaddress = {Barcelona, Spain},
	Ofmonth = aug,
	Title = {Detailed diagnosis in enterprise networks},
	Year = 2009}

@inproceedings{Even12,
	Author = {Even, Guy and Medina, Moti and Schaffrath, Gregor and Schmid, Stefan},
	Booktitle = {Proceedings of 13th International Conference on Distributed Computing and Networking (ICDCN '12)},
	Categories = {tlabs_yes, group_feldmann},
	Location = {Hong Kong, China},
	Month = {January},
	Projectname = {thisisimportant and distr_sys_select and virtu_select},
	Title = {Competitive and Deterministic Embeddings of Virtual Networks},
	Url = {http://www.net.t-labs.tu-berlin.de/papers/EMSS-CDEVN-12.pdf},
	Year = {2012},
	Bdsk-Url-1 = {http://www.net.t-labs.tu-berlin.de/papers/EMSS-CDEVN-12.pdf}}

@inproceedings{Yu13,
	Acmid = {2482631},
	Address = {Berkeley, CA, USA},
	Author = {Yu, Minlan and Jose, Lavanya and Miao, Rui},
	Booktitle = {Proceedings of the 10th USENIX conference on Networked Systems Design and Implementation},
	Location = {Lombard, IL},
	Numpages = {14},
	Pages = {29--42},
	Publisher = {USENIX Association},
	Series = {nsdi'13},
	Title = {Software defined traffic measurement with OpenSketch},
	Url = {http://dl.acm.org/citation.cfm?id=2482626.2482631},
	Year = {2013},
	Bdsk-Url-1 = {http://dl.acm.org/citation.cfm?id=2482626.2482631}}

@inproceedings{Kandula09,
	Acmid = {1644918},
	Address = {New York, NY, USA},
	Author = {Kandula, Srikanth and Sengupta, Sudipta and Greenberg, Albert and Patel, Parveen and Chaiken, Ronnie},
	Booktitle = {Proceedings of the 9th ACM SIGCOMM conference on Internet measurement conference},
	Doi = {10.1145/1644893.1644918},
	Isbn = {978-1-60558-771-4},
	Keywords = {characterization, data center traffic, models, tomography},
	Location = {Chicago, Illinois, USA},
	Numpages = {7},
	Pages = {202--208},
	Publisher = {ACM},
	Series = {IMC '09},
	Title = {The nature of data center traffic: measurements \& analysis},
	Url = {http://doi.acm.org/10.1145/1644893.1644918},
	Year = {2009},
	Bdsk-Url-1 = {http://doi.acm.org/10.1145/1644893.1644918},
	Bdsk-Url-2 = {http://dx.doi.org/10.1145/1644893.1644918}}

@inproceedings{karagiannis08:_networ,
	Author = {T. Karagiannis and R. Mortier and A. Rowstron},
	Booktitle = {Proc. ACM SIGCOMM},
	Ofaddress = {Seattle, WA, USA},
	Ofmonth = aug,
	Title = {Network exception handlers: Host-network control in enterprise networks},
	Year = 2008}

@unpublished{mckeown:_openf,
	Author = {N. McKeown and T. Anderson and H. Balakrishnan and G. Parulkar and L. Peterson and J. Rexford and S. Shenker and J. Turner},
	Note = {whitepaper, \url{http://www.openflowswitch.org/wp/documents/}},
	Title = {{OpenFlow}: Enabling Innovation in College Networks}}

@inproceedings{olsson05:_linux_packet_gener,
	Author = {R. Olsson},
	Booktitle = {Proc. Linux Symposium},
	Ofaddress = {Ottawa, ON, Canada},
	Ofmonth = jul,
	Ofpages = {11--24},
	Ofvolume = 2,
	Title = {\emph{pktgen}, the Linux Packet Generator},
	Year = 2005}

@techreport{rfc:2131,
	Annote = {(Format: TXT=113738 bytes) (Obsoletes RFC1541)
                  (Updated by RFC3396, RFC4361, RFC5494) (Status:
                  DRAFT STANDARD)},
	Author = {R.~Droms},
	Institution = ietf,
	Key = {RFC2131},
	Month = mar,
	Number = 2131,
	Title = {{D}ynamic {H}ost {C}onfiguration {P}rotocol},
	Type = {RFC},
	Year = 1997}

@techreport{rfc:3748,
	Annote = {(Format: TXT=157994 bytes) (Obsoletes RFC2284)
                  (Updated by RFC5247) (Status: PROPOSED STANDARD)},
	Author = {B.~Aboba and L.~Blunk and J.~Vollbrecht and J.~Carlson and H.~Levkowetz and Ed.},
	Institution = ietf,
	Key = {RFC3748},
	Month = jun,
	Number = 3748,
	Title = {{E}xtensible {A}uthentication {P}rotocol ({E}{A}{P})},
	Type = {RFC},
	Year = 2004}

@techreport{rfc:826,
	Annote = {(Format: TXT=21556 bytes) (Updated by RFC5227,
                  RFC5494) (Also STD0037) (Status: STANDARD)},
	Author = {D.~Plummer},
	Institution = ietf,
	Key = {RFC826},
	Month = nov,
	Number = 826,
	Title = {{E}thernet {A}ddress {R}esolution {P}rotocol: {O}r {C}onverting {N}etwork {P}rotocol {A}ddresses to 48.bit {E}thernet {A}ddress for {T}ransmission on {E}thernet {H}ardware},
	Type = {RFC},
	Year = 1982}

@techreport{rfc:917,
	Annote = {(Format: TXT=47072 bytes) (Status: UNKNOWN)},
	Author = {J.C.~Mogul},
	Institution = ietf,
	Key = {RFC917},
	Month = oct,
	Number = 917,
	Title = {{I}nternet subnets},
	Type = {RFC},
	Year = 1984}

@techreport{rfc:925,
	Annote = {(Format: TXT=31137 bytes) (Status: UNKNOWN)},
	Author = {J.~Postel},
	Institution = ietf,
	Key = {RFC925},
	Month = oct,
	Number = 925,
	Title = {{M}ulti-{L}{A}{N} address resolution},
	Type = {RFC},
	Year = 1984}

@inproceedings{rodden04,
	Author = {T. Rodden and A. Crabtree and T. Hemmings and B. Koleva and J. Hunble and K.-P. Akesson and P. Hansson},
	Booktitle = {Proc. ACM DIS},
	Ofaddress = {Cambridge, MA, USA},
	Ofpages = {71--80},
	Title = {Between the dazzle of a new building and its eventual corpse: assembling the ubiquitous home},
	Year = 2004}

@article{rodden04b,
	Author = {T. Rodden and A. Crabtree},
	Journal = {Computer Supported Cooperative Work: The Journal of Collaborative Computing},
	Ofnumber = 2,
	Ofpages = {191--220},
	Ofvolume = 13,
	Title = {Domestic routines and design for the home},
	Year = 2004}

@article{Rodden03,
	Address = {New York, New York, USA},
	Author = {Rodden, Tom and Benford, Steve},
	Doi = {10.1145/642614.642615},
	Isbn = {1581136307},
	Journal = {Proceedings of the conference on Human factors in computing systems - CHI '03},
	Keywords = {domestic environments,ubiquitous computing},
	Number = {5},
	Pages = {9},
	Publisher = {ACM Press},
	Title = {{The evolution of buildings and implications for the design of ubiquitous domestic environments}},
	Url = {http://portal.acm.org/citation.cfm?doid=642611.642615},
	Year = {2003},
	Bdsk-Url-1 = {http://portal.acm.org/citation.cfm?doid=642611.642615},
	Bdsk-Url-2 = {http://dx.doi.org/10.1145/642614.642615}}

@book{Brand94,
	Author = {Brand, Stewart},
	Keywords = {brand layering pace},
	Pages = 256,
	Publisher = {Penguin},
	Title = {How Buildings Learn: What Happens After They're Built},
	Year = 1995}

@inbook{rodden07,
	Author = {T. Rodden and A. Crabtree and T. Hemmings and B. Koleva and J. Hunble and K.-P. Akesson and P. Hansson},
	Note = {In \emph{The Disappearing Computer: Interaction Design, System Infrastructures and Applications for Smart Environments} (eds. Streitz, N., Kameas, A., and Mavrommati, I.)},
	Pages = {120--142},
	Publisher = {Springer},
	Title = {Assembling connected cooperative residential domains},
	Year = 2007}

@inproceedings{shehan07,
	Author = {E. Shehan and W.K. Edwards},
	Booktitle = {Proc. ACM CHI},
	Title = {Home Networking and {HCI}: What Hath {God} Wrought?},
	Year = 2007}

@inproceedings{shehanpoole08,
	Author = {E. Shehan-Poole and M. Chetty and W.K. Edwards and R.E. Grinter},
	Booktitle = {Proc. ACM DIS},
	Ofaddress = {Cape Town, South Africa},
	Title = {Designing Interactive Home Network Maintenance Tools},
	Year = 2008}

@inproceedings{sung07,
	Author = {J.-Y. Sung and L. Guo and R.E. Grinter and H.I. Christensen},
	Booktitle = {Proc. UbiComp},
	Ofaddress = {Innsbruck, Austria},
	Ofmonth = sep,
	Ofpages = {145--162},
	Title = {My Roomba is Rambo: Intimate Home Appliances},
	Year = 2007}

@inproceedings{sventek11:_infor_plane_archit_suppor_home_networ_manag,
	Author = {J. Sventek and A. Koliousis and O. Sharma and N. Dulay and D. Pediaditakis and M. Sloman and T. Rodden and T. Lodge and B. Bedwell and K. Glover and R. Mortier},
	Booktitle = {Proc. IM},
	Title = {An Information Plane Architecture Supporting Home Network Management},
	Year = 2011}

@inproceedings{swindells02:_that,
	Author = {C. Swindells and K. Inkpen and J. Dill and M. Tory},
	Booktitle = {Proc. UIST},
	Ofaddress = {Paris, France},
	Ofmonth = oct,
	Ofpages = {151--160},
	Title = {That one there! Pointing to establish device identity},
	Year = 2002}

@inproceedings{tolmie07,
	Author = {P. Tolmie and A. Crabtree and T. Rodden and C. Greenhalgh and S. Benford},
	Booktitle = {Proceedings ECSCW},
	Ofaddress = {Limerick, Ireland},
	Ofmonth = sep,
	Ofpages = {331--350},
	Ofpublisher = {Springer},
	Title = {Making the home network at home: digital housekeeping},
	Year = 2007}

@inproceedings{yang07:_icebox,
	Author = {J. Yang and W.K. Edwards},
	Booktitle = {Proc. INTERACT},
	Ofaddress = {Rio de Janeiro, Brazil},
	Ofmonth = sep,
	Title = {ICEbox: Toward Easy-to-Use Home Networking},
	Year = 2007}

@inproceedings{yang10:_eden,
	Author = {J. Yang and W.K. Edwards and D. Haslem},
	Booktitle = {Proc. UIST},
	Ofaddress = {New York, NY, USA},
	Ofmonth = oct,
	Ofpages = {109--118},
	Title = {Eden: Supporting home network management through interactive visual tools},
	Year = 2010}

@inproceedings{wmust2011,
	Author = {Pat Brundell and Andy Crabtree and Richard Mortier and Tom Rodden and Paul Tennent and Peter Tolmie},
	Booktitle = {Proc. ACM SIGCOMM W-MUST},
	Ofaddress = {Toronto, Canada},
	Ofbooktitle = {Proc. ACM SIGCOMM Workshop on Measurements Up the STack (W-MUST)},
	Ofmonth = aug,
	Ofnote = {To appear},
	Title = {The Network from Above and Below},
	Year = 2011}

@inproceedings{mortier11:_suppor_novel_home_networ_manag,
	Author = {Richard Mortier and Ben Bedwell and Kevin Glover and Tom Lodge and Tom Rodden and Charalampos Rotsos and Andrew W. Moore and Alexandros Koliousis and Joseph Sventek},
	Booktitle = {Proc. ACM SIGCOMM},
	Note = {demo abstract},
	Ofaddress = {Toronto, ON, Canada},
	Ofmonth = aug,
	Title = {Supporting Novel Home Network Management Interfaces with {OpenFlow} and {NOX}},
	Year = 2011}

@inproceedings{tm-presto,
	Author = {Balestra, Giacomo and Luciano, Salvatore and Pizzonia, Maurizio and Vissicchio, Stefano},
	Booktitle = {Proc. of PRESTO workshop},
	Title = {Leveraging router programmability for traffic matrix computation},
	Year = {2010}}

@inproceedings{openflow-measurement-hotice,
	Author = {Jose, Lavanya and Yu, Minlan and Rexford, Jennifer},
	Booktitle = {Proc. of the USENIX HotICE workshop},
	Title = {Online measurement of large traffic aggregates on commodity switches},
	Year = {2011}}

@incollection{pam-accuracy,
	Author = {Arlos, Patrik and Fiedler, Markus},
	Booktitle = {Passive and Active Network Measurement},
	Doi = {10.1007/978-3-540-71617-4_20},
	Editor = {Uhlig, Steve and Papagiannaki, Konstantina and Bonaventure, Olivier},
	Isbn = {978-3-540-71616-7},
	Pages = {197-206},
	Publisher = {Springer Berlin Heidelberg},
	Series = {Lecture Notes in Computer Science},
	Title = {A Method to Estimate the Timestamp Accuracy of Measurement Hardware and Software Tools},
	Url = {http://dx.doi.org/10.1007/978-3-540-71617-4_20},
	Volume = {4427},
	Year = {2007},
	Bdsk-Url-1 = {http://dx.doi.org/10.1007/978-3-540-71617-4_20}}

@inproceedings{opentm-pam,
	Author = {Tootoonchian, Amin and Ghobadi, Monia and Ganjali, Yashar},
	Booktitle = PAM,
	Title = {Open{TM}: traffic matrix estimator for OpenFlow networks},
	Year = {2010}}

@inproceedings{Heller10,
	Acmid = {1855728},
	Address = {Berkeley, CA, USA},
	Author = {Heller, Brandon and Seetharaman, Srini and Mahadevan, Priya and Yiakoumis, Yiannis and Sharma, Puneet and Banerjee, Sujata and McKeown, Nick},
	Booktitle = {Proceedings of the 7th USENIX conference on Networked systems design and implementation},
	Location = {San Jose, California},
	Numpages = {1},
	Pages = {17--17},
	Publisher = {USENIX Association},
	Series = {NSDI'10},
	Title = {ElasticTree: saving energy in data center networks},
	Url = {http://dl.acm.org/citation.cfm?id=1855711.1855728},
	Year = {2010},
	Bdsk-Url-1 = {http://dl.acm.org/citation.cfm?id=1855711.1855728}}

@misc{geni,
	Author = {{Global Environment for Network Innovations (GENI)}},
	Howpublished = {\url{http://www.geni.net}},
	Title = {{GENI: exploring networks of the future}},
	Year = 2013}

@article{Mudigonda11,
	Acmid = {2018444},
	Address = {New York, NY, USA},
	Author = {Mudigonda, Jayaram and Yalagandula, Praveen and Mogul, Jeff and Stiekes, Bryan and Pouffary, Yanick},
	Doi = {10.1145/2043164.2018444},
	Issn = {0146-4833},
	Issue_Date = {August 2011},
	Journal = {SIGCOMM Comput. Commun. Rev.},
	Keywords = {datacenter network, multi-pathing, multi-tenant, network virtualization, scalable ethernet},
	Month = aug,
	Number = {4},
	Numpages = {12},
	Pages = {62--73},
	Publisher = {ACM},
	Title = {NetLord: a scalable multi-tenant network architecture for virtualized datacenters},
	Url = {http://doi.acm.org/10.1145/2043164.2018444},
	Volume = {41},
	Year = {2011},
	Bdsk-Url-1 = {http://doi.acm.org/10.1145/2043164.2018444},
	Bdsk-Url-2 = {http://dx.doi.org/10.1145/2043164.2018444}}

@inproceedings{Al-Fares10,
	Acmid = {1855730},
	Address = {Berkeley, CA, USA},
	Author = {Al-Fares, Mohammad and Radhakrishnan, Sivasankar and Raghavan, Barath and Huang, Nelson and Vahdat, Amin},
	Booktitle = {Proceedings of the 7th USENIX conference on Networked systems design and implementation},
	Location = {San Jose, California},
	Numpages = {1},
	Pages = {19--19},
	Publisher = {USENIX Association},
	Series = {NSDI'10},
	Title = {Hedera: dynamic flow scheduling for data center networks},
	Url = {http://dl.acm.org/citation.cfm?id=1855711.1855730},
	Year = {2010},
	Bdsk-Url-1 = {http://dl.acm.org/citation.cfm?id=1855711.1855730}}

@inproceedings{Koponen10,
	Acmid = {1924968},
	Address = {Berkeley, CA, USA},
	Author = {Koponen, Teemu and Casado, Martin and Gude, Natasha and Stribling, Jeremy and Poutievski, Leon and Zhu, Min and Ramanathan, Rajiv and Iwata, Yuichiro and Inoue, Hiroaki and Hama, Takayuki and Shenker, Scott},
	Booktitle = {Proceedings of the 9th USENIX conference on Operating systems design and implementation},
	Location = {Vancouver, BC, Canada},
	Numpages = {6},
	Pages = {1--6},
	Publisher = {USENIX Association},
	Series = {OSDI'10},
	Title = {Onix: a distributed control platform for large-scale production networks},
	Url = {http://dl.acm.org/citation.cfm?id=1924943.1924968},
	Year = {2010},
	Bdsk-Url-1 = {http://dl.acm.org/citation.cfm?id=1924943.1924968}}

@inproceedings{Kotronis12,
	Acmid = {2390241},
	Address = {New York, NY, USA},
	Author = {Kotronis, Vasileios and Dimitropoulos, Xenofontas and Ager, Bernhard},
	Booktitle = {Proceedings of the 11th ACM Workshop on Hot Topics in Networks},
	Doi = {10.1145/2390231.2390241},
	Isbn = {978-1-4503-1776-4},
	Keywords = {BGP, SDN, management, outsourcing, routing},
	Location = {Redmond, Washington},
	Numpages = {6},
	Pages = {55--60},
	Publisher = {ACM},
	Series = {HotNets-XI},
	Title = {Outsourcing the routing control logic: better internet routing based on SDN principles},
	Url = {http://doi.acm.org/10.1145/2390231.2390241},
	Year = {2012},
	Bdsk-Url-1 = {http://doi.acm.org/10.1145/2390231.2390241},
	Bdsk-Url-2 = {http://dx.doi.org/10.1145/2390231.2390241}}

@article{Foster11,
	Acmid = {2034812},
	Address = {New York, NY, USA},
	Author = {Foster, Nate and Harrison, Rob and Freedman, Michael J. and Monsanto, Christopher and Rexford, Jennifer and Story, Alec and Walker, David},
	Doi = {10.1145/2034574.2034812},
	Issn = {0362-1340},
	Issue_Date = {September 2011},
	Journal = {SIGPLAN Not.},
	Keywords = {domain-specific languages, functional reactive programming, network programming languages, openflow},
	Month = sep,
	Number = {9},
	Numpages = {13},
	Pages = {279--291},
	Publisher = {ACM},
	Title = {Frenetic: a network programming language},
	Url = {http://doi.acm.org/10.1145/2034574.2034812},
	Volume = {46},
	Year = {2011},
	Bdsk-Url-1 = {http://doi.acm.org/10.1145/2034574.2034812},
	Bdsk-Url-2 = {http://dx.doi.org/10.1145/2034574.2034812}}

@inproceedings{Moshref13,
	Acmid = {2482643},
	Address = {Berkeley, CA, USA},
	Author = {Moshref, Masoud and Yu, Minlan and Sharma, Abhishek and Govindan, Ramesh},
	Booktitle = {Proceedings of the 10th USENIX conference on Networked Systems Design and Implementation},
	Location = {Lombard, IL},
	Numpages = {14},
	Pages = {157--170},
	Publisher = {USENIX Association},
	Series = {nsdi'13},
	Title = {Scalable rule management for data centers},
	Url = {http://dl.acm.org/citation.cfm?id=2482626.2482643},
	Year = {2013},
	Bdsk-Url-1 = {http://dl.acm.org/citation.cfm?id=2482626.2482643}}

@inproceedings{Voellmy12,
	Acmid = {2342451},
	Address = {New York, NY, USA},
	Author = {Voellmy, Andreas and Kim, Hyojoon and Feamster, Nick},
	Booktitle = {Proceedings of the first workshop on Hot topics in software defined networks},
	Doi = {10.1145/2342441.2342451},
	Isbn = {978-1-4503-1477-0},
	Keywords = {functional reactive programming, haskell, network configuration, openflow, software-defined networking},
	Location = {Helsinki, Finland},
	Numpages = {6},
	Pages = {43--48},
	Publisher = {ACM},
	Series = {HotSDN '12},
	Title = {Procera: a language for high-level reactive network control},
	Url = {http://doi.acm.org/10.1145/2342441.2342451},
	Year = {2012},
	Bdsk-Url-1 = {http://doi.acm.org/10.1145/2342441.2342451},
	Bdsk-Url-2 = {http://dx.doi.org/10.1145/2342441.2342451}}

@inproceedings{Monsanto12a,
	Acmid = {2103685},
	Address = {New York, NY, USA},
	Author = {Monsanto, Christopher and Foster, Nate and Harrison, Rob and Walker, David},
	Booktitle = {Proceedings of the 39th annual ACM SIGPLAN-SIGACT symposium on Principles of programming languages},
	Doi = {10.1145/2103656.2103685},
	Isbn = {978-1-4503-1083-3},
	Keywords = {domain specific languages, frenetic, network programming languages, openflow, software-defined networking},
	Location = {Philadelphia, PA, USA},
	Numpages = {14},
	Pages = {217--230},
	Publisher = {ACM},
	Series = {POPL '12},
	Title = {A compiler and run-time system for network programming languages},
	Url = {http://doi.acm.org/10.1145/2103656.2103685},
	Year = {2012},
	Bdsk-Url-1 = {http://doi.acm.org/10.1145/2103656.2103685},
	Bdsk-Url-2 = {http://dx.doi.org/10.1145/2103656.2103685}}

@inproceedings{Reitblatt12,
	Acmid = {2342427},
	Address = {New York, NY, USA},
	Author = {Reitblatt, Mark and Foster, Nate and Rexford, Jennifer and Schlesinger, Cole and Walker, David},
	Booktitle = {Proceedings of the ACM SIGCOMM 2012 conference on Applications, technologies, architectures, and protocols for computer communication},
	Doi = {10.1145/2342356.2342427},
	Isbn = {978-1-4503-1419-0},
	Keywords = {consistency, frenetic, network programming languages, openflow, planned change, software-defined networking},
	Location = {Helsinki, Finland},
	Numpages = {12},
	Pages = {323--334},
	Publisher = {ACM},
	Series = {SIGCOMM '12},
	Title = {Abstractions for network update},
	Url = {http://doi.acm.org/10.1145/2342356.2342427},
	Year = {2012},
	Bdsk-Url-1 = {http://doi.acm.org/10.1145/2342356.2342427},
	Bdsk-Url-2 = {http://dx.doi.org/10.1145/2342356.2342427}}

@article{Guha13,
	Acmid = {2462178},
	Address = {New York, NY, USA},
	Author = {Guha, Arjun and Reitblatt, Mark and Foster, Nate},
	Doi = {10.1145/2499370.2462178},
	Issn = {0362-1340},
	Issue_Date = {June 2013},
	Journal = {SIGPLAN Not.},
	Keywords = {coq, domain-specific languages, formal verification, frenetic, netcore, openflow, software-defined networking},
	Month = jun,
	Number = {6},
	Numpages = {12},
	Pages = {483--494},
	Publisher = {ACM},
	Title = {Machine-verified network controllers},
	Url = {http://doi.acm.org/10.1145/2499370.2462178},
	Volume = {48},
	Year = {2013},
	Bdsk-Url-1 = {http://doi.acm.org/10.1145/2499370.2462178},
	Bdsk-Url-2 = {http://dx.doi.org/10.1145/2499370.2462178}}

@inproceedings{Monsanto13,
	Acmid = {2482629},
	Address = {Berkeley, CA, USA},
	Author = {Monsanto, Christopher and Reich, Joshua and Foster, Nate and Rexford, Jennifer and Walker, David},
	Booktitle = {Proceedings of the 10th USENIX conference on Networked Systems Design and Implementation},
	Location = {Lombard, IL},
	Numpages = {14},
	Pages = {1--14},
	Publisher = {USENIX Association},
	Series = {nsdi'13},
	Title = {Composing software-defined networks},
	Url = {http://dl.acm.org/citation.cfm?id=2482626.2482629},
	Year = {2013},
	Bdsk-Url-1 = {http://dl.acm.org/citation.cfm?id=2482626.2482629}}

@article{Erickson11,
	Acmid = {2018530},
	Address = {New York, NY, USA},
	Author = {Erickson, David and Heller, Brandon and Yang, Shuang and Chu, Jonathan and Ellithorpe, Jonathan and Whyte, Scott and Stuart, Stephen and McKeown, Nick and Parulkar, Guru and Rosenblum, Mendel},
	Doi = {10.1145/2043164.2018530},
	Issn = {0146-4833},
	Issue_Date = {August 2011},
	Journal = {SIGCOMM Comput. Commun. Rev.},
	Keywords = {data center network, openflow, virtualization, virtue},
	Month = aug,
	Number = {4},
	Numpages = {2},
	Pages = {478--479},
	Publisher = {ACM},
	Title = {Optimizing a virtualized data center},
	Url = {http://doi.acm.org/10.1145/2043164.2018530},
	Volume = {41},
	Year = {2011},
	Bdsk-Url-1 = {http://doi.acm.org/10.1145/2043164.2018530},
	Bdsk-Url-2 = {http://dx.doi.org/10.1145/2043164.2018530}}

@article{Yu10,
	Acmid = {1851224},
	Address = {New York, NY, USA},
	Author = {Yu, Minlan and Rexford, Jennifer and Freedman, Michael J. and Wang, Jia},
	Issn = {0146-4833},
	Issue_Date = {August 2011},
	Journal = {SIGCOMM Comput. Commun. Rev.},
	Keywords = {access control, network architecture, openflow, scalability},
	Month = aug,
	Number = {4},
	Pages = {--},
	Publisher = {ACM},
	Title = {Scalable flow-based networking with DIFANE},
	Url = {http://dl.acm.org/citation.cfm?id=2043164.1851224},
	Volume = {41},
	Year = {2010},
	Bdsk-Url-1 = {http://dl.acm.org/citation.cfm?id=2043164.1851224}}

@inproceedings{Khurshid12,
	Acmid = {2342452},
	Address = {New York, NY, USA},
	Author = {Khurshid, Ahmed and Zhou, Wenxuan and Caesar, Matthew and Godfrey, P. Brighten},
	Booktitle = {Proceedings of the first workshop on Hot topics in software defined networks},
	Doi = {10.1145/2342441.2342452},
	Isbn = {978-1-4503-1477-0},
	Keywords = {debugging, forwarding, openflow, real time, software-defined networking},
	Location = {Helsinki, Finland},
	Numpages = {6},
	Pages = {49--54},
	Publisher = {ACM},
	Series = {HotSDN '12},
	Title = {VeriFlow: verifying network-wide invariants in real time},
	Url = {http://doi.acm.org/10.1145/2342441.2342452},
	Year = {2012},
	Bdsk-Url-1 = {http://doi.acm.org/10.1145/2342441.2342452},
	Bdsk-Url-2 = {http://dx.doi.org/10.1145/2342441.2342452}}

@inproceedings{Calvert10,
	Acmid = {1851321},
	Address = {New York, NY, USA},
	Author = {Calvert, Kenneth L. and Edwards, W. Keith and Feamster, Nick and Grinter, Rebecca E. and Deng, Ye and Zhou, Xuzi},
	Booktitle = {Proceedings of the 2010 ACM SIGCOMM workshop on Home networks},
	Doi = {10.1145/1851307.1851321},
	Isbn = {978-1-4503-0198-5},
	Keywords = {home network management, home network troubleshooting},
	Location = {New Delhi, India},
	Numpages = {6},
	Pages = {55--60},
	Publisher = {ACM},
	Series = {HomeNets '10},
	Title = {Instrumenting home networks},
	Url = {http://doi.acm.org/10.1145/1851307.1851321},
	Year = {2010},
	Bdsk-Url-1 = {http://doi.acm.org/10.1145/1851307.1851321},
	Bdsk-Url-2 = {http://dx.doi.org/10.1145/1851307.1851321}}

@inproceedings{Yiakoumis11,
	Acmid = {2018569},
	Address = {New York, NY, USA},
	Author = {Yiakoumis, Yiannis and Yap, Kok-Kiong and Katti, Sachin and Parulkar, Guru and McKeown, Nick},
	Booktitle = {Proceedings of the 2nd ACM SIGCOMM workshop on Home networks},
	Doi = {10.1145/2018567.2018569},
	Isbn = {978-1-4503-0798-7},
	Keywords = {home networks, network slicing, openflow, software-defined networks},
	Location = {Toronto, Ontario, Canada},
	Numpages = {6},
	Pages = {1--6},
	Publisher = {ACM},
	Series = {HomeNets '11},
	Title = {Slicing home networks},
	Url = {http://doi.acm.org/10.1145/2018567.2018569},
	Year = {2011},
	Bdsk-Url-1 = {http://doi.acm.org/10.1145/2018567.2018569},
	Bdsk-Url-2 = {http://dx.doi.org/10.1145/2018567.2018569}}

@inproceedings{Yiakoumis12,
	Acmid = {2370451},
	Address = {New York, NY, USA},
	Author = {Yiakoumis, Yiannis and Katti, Sachin and Huang, Te-Yuan and McKeown, Nick and Yap, Kok-Kiong and Johari, Ramesh},
	Booktitle = {Proceedings of the 2012 ACM Conference on Ubiquitous Computing},
	Doi = {10.1145/2370216.2370451},
	Isbn = {978-1-4503-1224-0},
	Keywords = {QoS, home networks, human computer interaction, network slicing, video-streaming},
	Location = {Pittsburgh, Pennsylvania},
	Numpages = {6},
	Pages = {1114--1119},
	Publisher = {ACM},
	Series = {UbiComp '12},
	Title = {Putting home users in charge of their network},
	Url = {http://doi.acm.org/10.1145/2370216.2370451},
	Year = {2012},
	Bdsk-Url-1 = {http://doi.acm.org/10.1145/2370216.2370451},
	Bdsk-Url-2 = {http://dx.doi.org/10.1145/2370216.2370451}}

@inproceedings{Porras12,
	Acmid = {2342466},
	Address = {New York, NY, USA},
	Author = {Porras, Philip and Shin, Seungwon and Yegneswaran, Vinod and Fong, Martin and Tyson, Mabry and Gu, Guofei},
	Booktitle = {Proceedings of the first workshop on Hot topics in software defined networks},
	Doi = {10.1145/2342441.2342466},
	Isbn = {978-1-4503-1477-0},
	Keywords = {openflow, policy enforcement, security},
	Location = {Helsinki, Finland},
	Numpages = {6},
	Pages = {121--126},
	Publisher = {ACM},
	Series = {HotSDN '12},
	Title = {A security enforcement kernel for OpenFlow networks},
	Url = {http://doi.acm.org/10.1145/2342441.2342466},
	Year = {2012},
	Bdsk-Url-1 = {http://doi.acm.org/10.1145/2342441.2342466},
	Bdsk-Url-2 = {http://dx.doi.org/10.1145/2342441.2342466}}

@article{McKeown08,
	Acmid = {1355746},
	Address = {New York, NY, USA},
	Author = {McKeown, Nick and Anderson, Tom and Balakrishnan, Hari and Parulkar, Guru and Peterson, Larry and Rexford, Jennifer and Shenker, Scott and Turner, Jonathan},
	Doi = {http://doi.acm.org/10.1145/1355734.1355746},
	Issn = {0146-4833},
	Issue = {2},
	Journal = {SIGCOMM Comput. Commun. Rev.},
	Keywords = {ethernet switch, flow-based, virtualization},
	Month = Mar,
	Numpages = {6},
	Pages = {69--74},
	Publisher = {ACM},
	Title = {OpenFlow: enabling innovation in campus networks},
	Url = {http://doi.acm.org/10.1145/1355734.1355746},
	Volume = {38},
	Year = {2008},
	Bdsk-Url-1 = {http://doi.acm.org/10.1145/1355734.1355746}}

@article{pagiamtzis06,
	Author = {Pagiamtzis, K. and Sheikholeslami, A.},
	Doi = {10.1109/JSSC.2005.864128},
	Issn = {0018-9200},
	Journal = {Solid-State Circuits, IEEE Journal of},
	Keywords = {NAND cell; NOR cell; bank selection; content addressable memory circuits; high-speed table lookup; lookup-table function; low-power matchline sensing techniques; matchline pipelining; network routers; packet classification; packet forwarding; parallel active circuitry; searchline driving; NAND circuits; NOR circuits; content-addressable storage; logic design; low-power electronics;},
	Month = mar,
	Number = {3},
	Pages = {712 - 727},
	Title = {Content-addressable memory (CAM) circuits and architectures: a tutorial and survey},
	Volume = {41},
	Year = {2006},
	Bdsk-Url-1 = {http://dx.doi.org/10.1109/JSSC.2005.864128}}

@article{Mahajan02,
	Acmid = {633027},
	Address = {New York, NY, USA},
	Author = {Mahajan, Ratul and Wetherall, David and Anderson, Tom},
	Doi = {10.1145/964725.633027},
	Issn = {0146-4833},
	Issue_Date = {October 2002},
	Journal = {SIGCOMM Comput. Commun. Rev.},
	Month = aug,
	Number = {4},
	Numpages = {14},
	Pages = {3--16},
	Publisher = {ACM},
	Title = {Understanding BGP misconfiguration},
	Url = {http://doi.acm.org/10.1145/964725.633027},
	Volume = {32},
	Year = {2002},
	Bdsk-Url-1 = {http://doi.acm.org/10.1145/964725.633027},
	Bdsk-Url-2 = {http://dx.doi.org/10.1145/964725.633027}}

@article{Chiba10,
	Author = {Chiba, Yasunobu and Shinohara, Yusuke and Shimonishi, Hideyuki},
	Issue = {4},
	Issue_Date = {October 2010},
	Journal = {SIGCOMM Comput. Commun. Rev.},
	Month = {August},
	Title = {Source flow: handling millions of flows on flow-based nodes},
	Volume = {40},
	Year = {2010}}

@inproceedings{Yap09,
	Author = {Yap, Kok-Kiong and Kobayashi, Masayoshi and Underhill, David and Seetharaman, Srinivasan and Kazemian, Peyman and McKeown, Nick},
	Booktitle = {Proceedings of ACM WINTECH},
	Title = {The Stanford OpenRoads deployment},
	Year = {2009}}

@inproceedings{Ballard10,
	Acmid = {1863141},
	Address = {Berkeley, CA, USA},
	Author = {Ballard, Jeffrey R. and Rae, Ian and Akella, Aditya},
	Booktitle = {Proceedings of the 2010 internet network management conference on Research on enterprise networking},
	Location = {San Jose, CA},
	Numpages = {1},
	Pages = {8--8},
	Publisher = {USENIX Association},
	Series = {INM/WREN'10},
	Title = {Extensible and scalable network monitoring using OpenSAFE},
	Url = {http://dl.acm.org/citation.cfm?id=1863133.1863141},
	Year = {2010},
	Bdsk-Url-1 = {http://dl.acm.org/citation.cfm?id=1863133.1863141}}

@inproceedings{Handigol12,
	Acmid = {2413206},
	Address = {New York, NY, USA},
	Author = {Handigol, Nikhil and Heller, Brandon and Jeyakumar, Vimalkumar and Lantz, Bob and McKeown, Nick},
	Booktitle = {Proceedings of the 8th international conference on Emerging networking experiments and technologies},
	Doi = {10.1145/2413176.2413206},
	Isbn = {978-1-4503-1775-7},
	Keywords = {container-based emulation, reproducible research},
	Location = {Nice, France},
	Numpages = {12},
	Pages = {253--264},
	Publisher = {ACM},
	Series = {CoNEXT '12},
	Title = {Reproducible network experiments using container-based emulation},
	Url = {http://doi.acm.org/10.1145/2413176.2413206},
	Year = {2012},
	Bdsk-Url-1 = {http://doi.acm.org/10.1145/2413176.2413206},
	Bdsk-Url-2 = {http://dx.doi.org/10.1145/2413176.2413206}}

@inproceedings{Lantz10,
	Acmid = {1868466},
	Address = {New York, NY, USA},
	Articleno = {19},
	Author = {Lantz, Bob and Heller, Brandon and McKeown, Nick},
	Booktitle = {Proceedings of the 9th ACM SIGCOMM Workshop on Hot Topics in Networks},
	Doi = {10.1145/1868447.1868466},
	Isbn = {978-1-4503-0409-2},
	Keywords = {emulation, open-flow, rapid prototyping, software defined networking, virtualization},
	Location = {Monterey, California},
	Numpages = {6},
	Pages = {19:1--19:6},
	Publisher = {ACM},
	Series = {Hotnets-IX},
	Title = {A network in a laptop: rapid prototyping for software-defined networks},
	Url = {http://doi.acm.org/10.1145/1868447.1868466},
	Year = {2010},
	Bdsk-Url-1 = {http://doi.acm.org/10.1145/1868447.1868466},
	Bdsk-Url-2 = {http://dx.doi.org/10.1145/1868447.1868466}}

@inproceedings{Yap10,
	Acmid = {1851404},
	Address = {New York, NY, USA},
	Author = {Yap, Kok-Kiong and Sherwood, Rob and Kobayashi, Masayoshi and Huang, Te-Yuan and Chan, Michael and Handigol, Nikhil and McKeown, Nick and Parulkar, Guru},
	Booktitle = {Proceedings of the second ACM SIGCOMM workshop on Virtualized infrastructure systems and architectures},
	Doi = {10.1145/1851399.1851404},
	Isbn = {978-1-4503-0199-2},
	Keywords = {flowvisor, mobile networks, mobility, openflow, software-defined networks, wireless},
	Location = {New Delhi, India},
	Numpages = {8},
	Pages = {25--32},
	Publisher = {ACM},
	Series = {VISA '10},
	Title = {Blueprint for introducing innovation into wireless mobile networks},
	Url = {http://doi.acm.org/10.1145/1851399.1851404},
	Year = {2010},
	Bdsk-Url-1 = {http://doi.acm.org/10.1145/1851399.1851404},
	Bdsk-Url-2 = {http://dx.doi.org/10.1145/1851399.1851404}}

@inproceedings{Wundsam11,
	Acmid = {2002210},
	Address = {Berkeley, CA, USA},
	Author = {Wundsam, Andreas and Levin, Dan and Seetharaman, Srini and Feldmann, Anja},
	Booktitle = {Proceedings of the 2011 USENIX conference on USENIX annual technical conference},
	Location = {Portland, OR},
	Numpages = {1},
	Pages = {29--29},
	Publisher = {USENIX Association},
	Series = {USENIXATC'11},
	Title = {OFRewind: enabling record and replay troubleshooting for networks},
	Url = {http://dl.acm.org/citation.cfm?id=2002181.2002210},
	Year = {2011},
	Bdsk-Url-1 = {http://dl.acm.org/citation.cfm?id=2002181.2002210}}

@inproceedings{Benson11,
	Acmid = {2079304},
	Address = {New York, NY, USA},
	Articleno = {8},
	Author = {Benson, Theophilus and Anand, Ashok and Akella, Aditya and Zhang, Ming},
	Booktitle = {Proceedings of the Seventh COnference on emerging Networking EXperiments and Technologies},
	Doi = {10.1145/2079296.2079304},
	Isbn = {978-1-4503-1041-3},
	Keywords = {data center network, traffic engineering},
	Location = {Tokyo, Japan},
	Numpages = {12},
	Pages = {8:1--8:12},
	Publisher = {ACM},
	Series = {CoNEXT '11},
	Title = {MicroTE: fine grained traffic engineering for data centers},
	Url = {http://doi.acm.org/10.1145/2079296.2079304},
	Year = {2011},
	Bdsk-Url-1 = {http://doi.acm.org/10.1145/2079296.2079304},
	Bdsk-Url-2 = {http://dx.doi.org/10.1145/2079296.2079304}}

@inproceedings{Li12,
	Acmid = {2417138},
	Address = {Washington, DC, USA},
	Author = {Li, Li Erran and Mao, Z. Morley and Rexford, Jennifer},
	Booktitle = {Proceedings of the 2012 European Workshop on Software Defined Networking},
	Doi = {10.1109/EWSDN.2012.28},
	Isbn = {978-0-7695-4870-8},
	Keywords = {CellSDN, software defined networks (SDN), local control agent},
	Numpages = {6},
	Pages = {7--12},
	Publisher = {IEEE Computer Society},
	Series = {EWSDN '12},
	Title = {Toward Software-Defined Cellular Networks},
	Url = {http://dx.doi.org/10.1109/EWSDN.2012.28},
	Year = {2012},
	Bdsk-Url-1 = {http://dx.doi.org/10.1109/EWSDN.2012.28}}

@inproceedings{Huang10,
	Acmid = {1851331},
	Address = {New York, NY, USA},
	Author = {Huang, Te-Yuan and Yap, Kok-Kiong and Dodson, Ben and Lam, Monica S. and McKeown, Nick},
	Booktitle = {Proceedings of the second ACM SIGCOMM workshop on Networking, systems, and applications on mobile handhelds},
	Doi = {10.1145/1851322.1851331},
	Isbn = {978-1-4503-0197-8},
	Keywords = {NOX, OpenFlow, XMPP, phone-to-phone, software-defined networks},
	Location = {New Delhi, India},
	Numpages = {6},
	Pages = {27--32},
	Publisher = {ACM},
	Series = {MobiHeld '10},
	Title = {PhoneNet: a phone-to-phone network for group communication within an administrative domain},
	Url = {http://doi.acm.org/10.1145/1851322.1851331},
	Year = {2010},
	Bdsk-Url-1 = {http://doi.acm.org/10.1145/1851322.1851331},
	Bdsk-Url-2 = {http://dx.doi.org/10.1145/1851322.1851331}}

@inproceedings{Wang11,
	Acmid = {1972438},
	Address = {Berkeley, CA, USA},
	Author = {Wang, Richard and Butnariu, Dana and Rexford, Jennifer},
	Booktitle = {Proceedings of the 11th USENIX conference on Hot topics in management of internet, cloud, and enterprise networks and services},
	Location = {Boston, MA},
	Numpages = {1},
	Pages = {12--12},
	Publisher = {USENIX Association},
	Series = {Hot-ICE'11},
	Title = {OpenFlow-based server load balancing gone wild},
	Url = {http://dl.acm.org/citation.cfm?id=1972422.1972438},
	Year = {2011},
	Bdsk-Url-1 = {http://dl.acm.org/citation.cfm?id=1972422.1972438}}

@inproceedings{Rothenberg12,
	Acmid = {2342445},
	Address = {New York, NY, USA},
	Author = {Rothenberg, Christian Esteve and Nascimento, Marcelo Ribeiro and Salvador, Marcos Rogerio and Corr\^{e}a, Carlos Nilton Araujo and Cunha de Lucena, Sidney and Raszuk, Robert},
	Booktitle = {Proceedings of the first workshop on Hot topics in software defined networks},
	Doi = {10.1145/2342441.2342445},
	Isbn = {978-1-4503-1477-0},
	Keywords = {bgp, openflow, routing architecture, sdn, virtualization},
	Location = {Helsinki, Finland},
	Numpages = {6},
	Pages = {13--18},
	Publisher = {ACM},
	Series = {HotSDN '12},
	Title = {Revisiting routing control platforms with the eyes and muscles of software-defined networking},
	Url = {http://doi.acm.org/10.1145/2342441.2342445},
	Year = {2012},
	Bdsk-Url-1 = {http://doi.acm.org/10.1145/2342441.2342445},
	Bdsk-Url-2 = {http://dx.doi.org/10.1145/2342441.2342445}}

@inproceedings{Naous08,
	Acmid = {1477944},
	Address = {New York, NY, USA},
	Author = {Naous, Jad and Erickson, David and Covington, G. Adam and Appenzeller, Guido and McKeown, Nick},
	Booktitle = {Proceedings of the 4th ACM/IEEE Symposium on Architectures for Networking and Communications Systems},
	Doi = {http://doi.acm.org/10.1145/1477942.1477944},
	Isbn = {978-1-60558-346-4},
	Keywords = {NetFPGA, OpenFlow, computer networks, flow switching, packet switching, programmable networks},
	Location = {San Jose, California},
	Numpages = {9},
	Pages = {1--9},
	Publisher = {ACM},
	Series = {ANCS '08},
	Title = {Implementing an OpenFlow switch on the {NetFPGA} platform},
	Url = {http://doi.acm.org/10.1145/1477942.1477944},
	Year = {2008},
	Bdsk-Url-1 = {http://doi.acm.org/10.1145/1477942.1477944}}

@inproceedings{bianco10,
	Author = {Bianco, A. and Birke, R. and Giraudo, L. and Palacin, M.},
	Booktitle = {IEEE ICC},
	Month = {may},
	Title = {OpenFlow Switching: Data Plane Performance},
	Year = {2010}}

@inproceedings{shaikh-igp,
	Author = {Shaikh, Aman and Greenberg, Albert},
	Booktitle = IMC,
	Title = {Experience in black-box OSPF measurement},
	Year = {2001}}

@misc{openflow-spec,
	Author = {{OpenFlow Consortium}},
	Howpublished = {\url{www.openflow.org/documents/openflow-spec-v1.0.0.pdf}},
	Month = {December},
	Title = {OpenFlow Switch Specification (version 1.0.0)},
	Year = {2009}}

@inproceedings{Covington09,
	Author = {Covington, G.A. and Gibb, G. and Lockwood, J.W. and Mckeown, N.},
	Booktitle = {Field Programmable Custom Computing Machines, 2009. FCCM '09. 17th IEEE Symposium on},
	Doi = {10.1109/FCCM.2009.29},
	Month = apr,
	Ofbooktitle = {FCCM 2009},
	Ofpages = {235 -238},
	Title = {A Packet Generator on the {NetFPGA} Platform},
	Year = {2009},
	Bdsk-Url-1 = {http://dx.doi.org/10.1109/FCCM.2009.29}}

@inproceedings{Ganegedara10,
	Author = {Ganegedara, T. and Weirong Jiang and Prasanna, V.},
	Booktitle = {Performance Computing and Communications Conference (IPCCC), 2010 IEEE 29th International},
	Doi = {10.1109/PCCC.2010.5682304},
	Issn = {1097-2641},
	Month = {dec.},
	Pages = {231 -238},
	Title = {FRuG: A benchmark for packet forwarding in future networks},
	Year = {2010},
	Bdsk-Url-1 = {http://dx.doi.org/10.1109/PCCC.2010.5682304}}

@article{DNS-caching,
	Author = {J.~Jung and E.~Sit and H.~Balakrishnan and R.~Morris},
	Journal = {IEEE/ACM Trans. Netw.},
	Number = {5},
	Pages = {589--603},
	Title = {{DNS Performance and the Effectiveness of Caching}},
	Volume = {10},
	Year = {2002}}

@misc{ip2location,
	Author = {{Hexasoft Development Sdn. Bhd}},
	Howpublished = {\url{http://www.ip2location.com}},
	Title = {{IP Address Geolocation to Identify Website Visitor's Geographical Location}}}

@misc{DNS-extension-IP-client,
	Author = {C. Contavalli and W. van~der~Gaast and S. Leach and D. Rodden},
	Howpublished = {IETF draft, work in progress, draft-vandergaast-edns-client-ip-00.txt},
	Month = {Jan},
	Title = {{Client IP information in DNS requests}},
	Year = {2010}}

@article{DraftingBehindAkamai2009,
	Author = {Su, A. and Choffnes, D. and Kuzmanovic, A. and Bustamante, F.},
	Journal = {IEEE/ACM Trans. Netw.},
	Number = {6},
	Pages = {1752--1765},
	Title = {{Drafting Behind Akamai: Inferring Network Conditions Based on CDN Redirections}},
	Volume = {17},
	Year = {2009}}

@inproceedings{OnTheUseAndPerformance2001,
	Address = {San Francisco, CA, USA},
	Author = {Krishnamurthy, B. and Wills, C. and Zhang, Y.},
	Booktitle = {Proc. of ACM IMW '01},
	Title = {{On the Use and Performance of Content Distribution Networks}}}

@inproceedings{MovingBeyondE2E2009,
	Address = {Chicago, IL, USA},
	Author = {Krishnan, R. and Madhyastha, H. and Srinivasan, S. and Jain, S. and Krishnamurthy, A. and Anderson, T. and Gao, J.},
	Booktitle = {Proc. of ACM IMC '09},
	Title = {{Moving Beyond End-to-end Path Information to Optimize CDN Performance}}}

@inproceedings{ContentDeliveryNetwork2009,
	Address = {Saint-Malo, France},
	Author = {S. Triukose and Z. Al-Qudah and M. Rabinovich},
	Booktitle = {Proc. of ESORICS '09},
	Title = {{Content Delivery Networks: Protection or Threat?}}}

@inproceedings{MeasuringAndEvaluating2008,
	Author = {Huang, C. and Wang, A. and Li, J. and Ross, K.},
	Booktitle = {Proc. of ACM IMC '08 (paper withdrawn)},
	Title = {{Measuring and Evaluating Large-scale CDNs}},
	Year = 2008}

@article{WhatDNSIsNOT2009,
	Author = {Vixie, P.},
	Journal = {Commun. ACM},
	Number = {12},
	Pages = {43--47},
	Title = {{What DNS is Not}},
	Volume = {52},
	Year = {2009}}

@article{DNSComplexity2007,
	Author = {Vixie, P.},
	Journal = {ACM Queue},
	Number = {3},
	Pages = {24--29},
	Title = {{DNS Complexity}},
	Volume = {5},
	Year = {2007}}

@article{end-host-measurements,
	Author = {D. Joumblatt and R. Teixeira and J. Chandrashekar and N. Taft},
	Journal = {Computer Communication Review},
	Number = {2},
	Pages = {51-55},
	Title = {{Perspectives on Tracing End-hosts: A Survey Summary}},
	Volume = {40},
	Year = {2010}}

@inproceedings{OCH-performance,
	Author = {Antoniades, Demetris and Markatos, Evangelos P. and Dovrolis, Constantine},
	Booktitle = IMC,
	Title = {One-click hosting services: a file-sharing hideout},
	Year = {2009}}

@article{ImprovingPerformanceInternet2009,
	Author = {Leighton, T.},
	Journal = {Commun. ACM},
	Number = {2},
	Pages = {44--51},
	Title = {{Improving Performance on the Internet}},
	Volume = {52},
	Year = {2009}}

@misc{googledns,
	Note = {http://code.google.com/intl/de-DE/speed/public-dns/},
	Title = {{Google Public DNS}}}

@misc{opendns-claim,
	Note = {http://www.neowin.net/news/opendns-whats-your-take},
	Title = {{OpenDNS: What's Your Take?}}}

@misc{alexa,
	Note = {http:///www.alexa.com/topsites},
	Title = {Alexa Top Sites}}

@misc{namebench,
	Note = {http://code.google.com/p/namebench/},
	Title = {Namebench---Open-source DNS Benchmark Utility}}

@misc{observatory-report,
	Author = {C. Labovitz and D. McPherson and S. Iekel-Johnson},
	Note = {http://www.nanog.org/meetings/nanog47/},
	Title = {Internet Observatory Report}}

@inproceedings{IMC2010-PaDIS,
	Author = {Ingmar Poese and Benjamin Frank and Bernhard Ager and Georgios Smaragdakis and Anja Feldmann},
	Booktitle = IMC,
	Title = {{Improving Content Delivery using Provider-aided Distance Information}},
	Year = 2010}

@inproceedings{network-caching,
	Author = {J.~Erman and A.~Gerber and M.~Hajiaghayi and D.~Pei and O.~Spatscheck},
	Booktitle = WWW,
	Title = {Network-aware forward caching},
	Year = 2009}

@inproceedings{as-ecosystem,
	Author = {Dhamdhere, Amogh and Dovrolis, Constantine},
	Booktitle = IMC,
	Title = {Ten years in the evolution of the internet ecosystem},
	Year = {2008}}

@inproceedings{flattening,
	Author = {P.~Gill and M.~Arlitt and Z.~Li and A.~Mahanti},
	Booktitle = PAM,
	Title = {{The Flattening Internet Topology: Natural Evolution, Unsightly Barnacles or Contrived Collapse?}},
	Year = 2008}

@inproceedings{effectiveness-defense,
	Author = {Park, Kihong and Lee, Heejo},
	Booktitle = SIGCOMM,
	Title = {On the effectiveness of route-based packet filtering for distributed {DoS} attack prevention in power-law internets},
	Year = {2001}}

@inproceedings{hop-filtering,
	Author = {Jin, Cheng and Wang, Haining and Shin, Kang G.},
	Booktitle = CCS,
	Title = {Hop-count filtering: an effective defense against spoofed {DDoS} traffic},
	Year = {2003}}

@misc{procurve-buffer,
	Howpublished = {\url{http://www.procurve.com/products/switches/HP_ProCurve_Switch_5400zl_Series/overview.htm}},
	Key = {procurve},
	Title = {{HP ProCurve Switch 5400zl} Overview}}

@article{villamizar-buffer,
	Author = {C. Villamizar and C. Song},
	Journal = CCR,
	Title = {High performance {TCP} in {ANSNET}},
	Year = 1994}

@inproceedings{borderguard_nick:2004,
	Author = {N.~Feamster and Z.~Mao and J.~Rexford},
	Booktitle = IMW,
	Location = {Taormina, Sicily, Italy},
	Title = {BorderGuard: detecting cold potatoes from peers},
	Year = {2004}}

@inproceedings{li04:topo,
	Author = {L. Li and D. Alderson and W. Willinger and J. Doyle},
	Booktitle = SIGCOMM,
	Title = {{A First-Principles Approach to Understanding the Internet's Router-level Topology}},
	Year = 2004}

@article{router-design-98,
	Author = {Keshav, S. and Sharma, R.},
	Journal = {IEEE Communications Magazine},
	Month = {May},
	Number = 5,
	Pages = {144 - 151},
	Title = {Issues and trends in router design},
	Volume = 36,
	Year = 1998}

@inproceedings{arbor,
	Author = {C.~Labovitz and S.~Lekel-Johnson and D.~McPherson and J.~Oberheide and F.~Jahanian},
	Booktitle = SIGCOMM,
	Title = {{Internet Inter-Domain Traffic}},
	Year = 2010}

@article{click,
	Author = {E.~Kohler and R.~Morris and B.~Chen and J.~Jannotti and F.~Kaashoek},
	Journal = {ACM Trans. Comput. Syst.},
	Month = {August},
	Number = {3},
	Pages = {263--297},
	Title = {The {Click} modular router},
	Volume = {18},
	Year = {2000}}

@article{xorp,
	Author = {M.~Handley and O.~Hodson and E.~Kohler},
	Journal = CCR,
	Number = {1},
	Title = {XORP: an open platform for network research},
	Volume = {33},
	Year = {2003}}

@misc{QoS-in-ISPs,
	Key = {RIPQoS},
	Title = {{ACM} {SIGCOMM} workshop {RIPQoS'03}},
	Year = {2003}}

@inproceedings{HLP,
	Author = {L.~Subramanian and M.~Caesar and C.~Ee and M.~Handley and M.~Mao and S.~Shenker and I.~Stoica},
	Booktitle = SIGCOMM,
	Title = {{HLP}: a next generation inter-domain routing protocol},
	Year = {2005}}

@inproceedings{viaggre,
	Author = {Ballani, Hitesh and Francis, Paul and Cao, Tuan and Wang, Jia},
	Booktitle = NSDI,
	Title = {Making routers last longer with ViAggre},
	Year = {2009}}

@inproceedings{routing-cache-replacement,
	Author = {W.~Shyu and C.~Wu and T.~Hou},
	Booktitle = {IEEE ICC},
	Title = {Efficiency analyses on routing cache replacement algorithms},
	Year = {2002}}

@article{NIRA,
	Author = {X.~Yang and D.~Clark and A.~Berger},
	Journal = {IEEE/ACM Trans. Netw.},
	Number = {4},
	Pages = {775--788},
	Title = {{NIRA}: a new inter-domain routing architecture},
	Volume = {15},
	Year = {2007}}

@inproceedings{arc,
	Author = {N.~Megiddo and D.~Modha},
	Booktitle = UFSI,
	Title = {ARC: A Self-Tuning, Low Overhead Replacement Cache},
	Year = {2003}}

@inproceedings{openflow-API,
	Author = {J.C. Mogul and P. Yalagandula and J. Tourrilhes and R. McGeer and S. Banerjee and T. Connors and P. Sharma},
	Booktitle = HOTNETS,
	Title = {{API} Design Challenges for Open Router Platforms on Proprietary Hardware},
	Year = {2008}}

@misc{siprnet,
	Author = {Federation of Americal Scientists - Intelligence Resource Program},
	Howpublished = {\url{http://www.fas.org/irp/program/disseminate/siprnet.htm}},
	Month = mar,
	Title = {Secret Internet Protocol Router Network (SIPRNET)},
	Year = 2000}

@misc{cablegate,
	Author = {BBC},
	Howpublished = {\url{http://www.bbc.co.uk/news/world-us-canada-11863618}},
	Month = nov,
	Title = {Siprnet: Where the leaked cables came from},
	Year = 2010}

@article{Li03,
	Author = {Man Li},
	Doi = {10.1109/MNET.2003.1248659},
	Issn = {0890-8044},
	Journal = {Network, IEEE},
	Number = {6},
	Pages = {36-43},
	Title = {Policy-based IPsec management},
	Volume = {17},
	Year = {2003},
	Bdsk-Url-1 = {http://dx.doi.org/10.1109/MNET.2003.1248659}}

@inproceedings{multi-queue,
	Author = {Y.~Zhou and J.~Philbin and K.~Li},
	Booktitle = USENIX,
	Title = {The Multi-Queue Replacement Algorithm for Second Level Buffer Caches},
	Year = {2001}}

@inproceedings{rocketfuel,
	Author = {N.~Spring and R.~Mahajan and D.~Wetherall},
	Booktitle = SIGCOMM,
	Title = {{Measuring ISP Topologies with Rocketfuel}},
	Year = {2002}}

@inproceedings{rocketfuel2,
	Author = {R. Mahajan and N. Spring and D. Wetherall and T. Anderson},
	Booktitle = IMW,
	Title = {{Inferring Link Weights using End-to-End Measurements}},
	Year = 2002}

@inproceedings{fast-lookups,
	Author = {Degermark, Mikael and Brodnik, Andrej and Carlsson, Svante and Pink, Stephen},
	Booktitle = SIGCOMM,
	Location = {Cannes, France},
	Title = {Small forwarding tables for fast routing lookups},
	Year = {1997}}

@inproceedings{scalable-matching,
	Author = {Waldvogel, Marcel and Varghese, George and Turner, Jon and Plattner, Bernhard},
	Booktitle = SIGCOMM,
	Title = {Scalable high speed {IP} routing lookups},
	Year = {1997}}

@inproceedings{maier-residential-imc09,
	Author = {Maier, Gregor and Feldmann, Anja and Paxson, Vern and Allman, Mark},
	Booktitle = IMC,
	Title = {On Dominant Characteristics of Residential Broadband Internet Traffic},
	Year = {2009}}

@inproceedings{bgpreplay,
	Author = {Maennel, Olaf and Feldmann, Anja},
	Booktitle = SIGCOMM,
	Title = {Realistic {BGP} traffic for test labs},
	Year = {2002}}

@inproceedings{pass-through-times,
	Author = {A.~Feldmann and H.~Kong and O.~Maennel and A.~Tudor},
	Booktitle = PAM,
	Title = {Measuring {BGP} Pass-Through Times},
	Year = {2004}}

@inproceedings{routingstability-imc02,
	Author = {J. Rexford, J. Wang, Z. Xiao and Y. Zhang},
	Booktitle = IMC,
	Title = {BGP Routing Stability of Popular Destinations},
	Year = {2002}}

@inproceedings{andersen02:topol,
	Author = {David G. Andersen and Nick Feamster and Steve Bauer and Hari Balakrishnan},
	Booktitle = IMW,
	Title = {Topology Inference from {BGP} Routing Dynamics},
	Year = 2002}

@inproceedings{granularity,
	Author = {Muhlbauer, Wolfgang and Uhlig, Steve and Fu, Bingjie and Meulle, Mickael and Maennel, Olaf},
	Booktitle = SIGCOMM,
	Title = {{In Search for an Appropriate Granularity to Model Routing Policy}},
	Year = 2007}

@article{ipswitching,
	Author = {Peter Newman and Greg Minshall and Tom Lyon and Larry Huston},
	Journal = {IEEE Communications Magazine},
	Title = {{IP} Switching and {G}igabit Routers},
	Year = {1997}}

@article{jain-popularity89,
	Author = {R. Jain},
	Journal = {Computer Networks and ISDN},
	Title = {Characteristics of Destination Address Locality in Computer Networks: A Comparison of Caching Schemes},
	Year = {1989/90}}

@article{switching-perspectives,
	Author = {Simcoe, Robert J. and Pei, Tong-Bi},
	Journal = CCR,
	Number = {2},
	Pages = {93--105},
	Title = {Perspectives on {ATM} switch architecture and the influence of traffic pattern assumptions on switch design},
	Volume = {25},
	Year = {1995}}

@article{as-level_CCR:2006,
	Author = {P.~Mahadevan and D.~Krioukov and M.~Fomenkov and X.~Dimitropoulos and k~c~claffy and A.~Vahdat},
	Journal = CCR,
	Title = {{The Internet AS-Level Topology: Three Data Sources and One Definitive Metric}},
	Year = {2006}}

@article{floyd,
	Author = {R.~Floyd},
	Journal = {Communications of the {ACM}},
	Number = {6},
	Pages = {345},
	Title = {{Algorithm 97: Shortest Path}},
	Volume = {5},
	Year = {1962}}

@article{warshall,
	Author = {S.~Warshall},
	Journal = {Journal of the {ACM}},
	Number = {1},
	Pages = {11-12},
	Title = {{A theorem on Boolean matrices}},
	Volume = {9},
	Year = {1962}}

@inproceedings{anjadiversity,
	Author = {Wolfgang Muhlbauer and Anja Feldmann and Olaf Maennel and Matthew Roughan and Steve Uhlig},
	Booktitle = SIGCOMM,
	Title = {{Building an AS-Topology Model that Captures Route Diversity}},
	Year = 2006}

@inproceedings{renata_diversity:2003,
	Author = {R.~Teixeira and K.~Marzullo and S.~Savage and G.~Voelker},
	Booktitle = IMC,
	Title = {In search of path diversity in {ISP} networks},
	Year = {2003}}

@article{griffin_stable_path:2002,
	Author = {T.~Griffin and F.~Bruce Shepherd and G.~Wilfong},
	Journal = IEEETN,
	Title = {{The Stable Paths Problem and Interdomain Routing}},
	Year = {2002}}

@inproceedings{aspath,
	Author = {H.~Tangmunarunkit and R.~Govindan and S.~Shenker and D.~Estrin},
	Booktitle = INFOCOM,
	Title = {{The Impact of Routing Policy on Internet Paths}},
	Year = 2001}

@inproceedings{gao_policies:2003,
	Author = {F.~Wang and L.~Gao},
	Booktitle = IMC,
	Title = {{Inferring and Characterizing Internet Routing Policies}},
	Year = 2003}

@inproceedings{battista_inferring:2003,
	Author = {G. Battista and M. Patrignani and M. Pizzonia},
	Booktitle = INFOCOM,
	Title = {{Computing the Types of the Relationships Between Autonomous Systems}},
	Year = 2003}

@inproceedings{subramanian_inferring:2002,
	Author = {L.~Subramanian and S.~Agarwal and J.~Rexford and R.~Katz},
	Booktitle = INFOCOM,
	Title = {{Characterizing the Internet Hierarchy from Multiple Vantage Points}},
	Year = 2002}

@inproceedings{zhang-bgp-stress,
	Author = {L~.Wang and X.~Zhao and D.~Pei and R.~Bush and D.~Massey and A.~Mankin and S.~Wu and L.~Zhang},
	Booktitle = IMW,
	Title = {Observation and {A}nalysis of {BGP} {B}ehavior under {S}tress},
	Year = 2002}

@inproceedings{bgp-stab,
	Author = {G.~Siganos and M.~Faloutsos},
	Booktitle = GINET,
	Title = {{BGP} {R}outing: {A} {S}tudy at {L}arge {T}ime {S}cale},
	Year = 2002}

@article{ravi-net-mag:2005,
	Author = {R.~Musunuri and J.~A.~Cobb},
	Journal = IEEENET,
	Title = {An {O}verview of {S}olutions to {A}void {P}ersistent {BGP} {D}ivergence},
	Year = 2005}

@article{caesar_isp_policies:2005,
	Author = {M.~Caesar and J.~Rexford},
	Journal = IEEENET,
	Title = {{BGP} {R}outing {P}olicies in {ISP} {N}etworks},
	Year = 2005}

@article{clean-slate,
	Author = {A.~Feldmann},
	Journal = CCR,
	Title = {{Internet Clean-Slate Design: What and Why?}},
	Year = 2007}

@inproceedings{hijacking,
	Author = {H.~Ballani and P.~Francis and X.~Zhang},
	Booktitle = SIGCOMM,
	Title = {{A Study of Prefix Hijacking and Interception in the Internet}},
	Year = {2007}}

@inproceedings{feamster05,
	Author = {N. Feamster and H. Balakrishnan},
	Booktitle = NSDI,
	Title = {{Detecting BGP Configuration Faults with Static Analysis}},
	Year = {2005}}

@article{cbgp,
	Author = {B.~Quoitin and S.~Uhlig},
	Journal = IEEENET,
	Title = {{Modeling the Routing of an Autonomous System with C-BGP}},
	Year = 2005}

@inproceedings{ibgp-config,
	Author = {T.~Griffin and G.~Wilfong},
	Booktitle = SIGCOMM,
	Title = {{On the Correctness of IBGP Configuration}},
	Year = 2002}

@inproceedings{route-reflection-oscillations,
	Author = {A.~Basu and C.~Ong and A.~Rasala and F.~Shepherd and G.~Wilfong},
	Booktitle = SIGCOMM,
	Title = {{Route Oscillations in I-BGP with Route Reflection}},
	Year = {2002}}

@inproceedings{path_inference_sigmetrics:2005,
	Author = {Z.M.~Mao and L.~Qiu and J.~Wang and Y.~Zhang},
	Booktitle = SIGMETRICS,
	Title = {{On AS-level Path Inference}},
	Year = {2005}}

@inproceedings{astraceroute_infocom:2004,
	Author = {Z.M.~Mao and D.~Johnson and J.~Rexford and J.~Wang and R.~Katz},
	Booktitle = INFOCOM,
	Title = {Scalable and Accurate Identification of {AS}-Level Forwarding Paths},
	Year = {2004}}

@inproceedings{location_instab_sigcomm:2004,
	Author = {A.~Feldmann and O~Maennel and Z.~M.~Mao and A.~Berger and B.~Maggs},
	Booktitle = SIGCOMM,
	Title = {Locating internet routing instabilities},
	Year = {2004}}

@inproceedings{Labovitz_Experimental:2000,
	Author = {C. Labovitz and A. Ahuja and A. Bose and F. Jahanian},
	Booktitle = SIGCOMM,
	Title = {An experimental study of {I}nternet routing convergence},
	Year = 2000}

@inproceedings{bgp_instab_labovitz:1997,
	Author = {C.~Labovitz and G.~Malan and F.~Jahanian},
	Booktitle = SIGCOMM,
	Month = {September},
	Title = {Internet {R}outing {I}nstability},
	Year = 1997}

@inproceedings{temporal_bgp_changes:2003,
	Author = {D.-F. Chang and R. Govindan and J. Heidemann},
	Booktitle = ICNP,
	Title = {The Temporal and Topological Characteristics of {BGP} Path Changes},
	Year = {2003}}

@inproceedings{morley_sigcomm:2003,
	Author = {Z.M.~Mao and J.~Rexford and J.~Wang and R.H.~Katz},
	Booktitle = SIGCOMM,
	Title = {Towards an accurate AS-level traceroute tool},
	Year = {2003}}

@misc{routeviews,
	Key = {routeview},
	Note = {\url{http://www.routeviews.org/}},
	Title = {University of {O}regon {R}oute {V}iews {P}roject}}

@unpublished{looking-glass,
	Note = {\url{http://www.nanog.org/lookingglass.html}},
	Title = {NANOG {L}ooking {G}lass {S}ites}}

@unpublished{dag,
	Author = {University of Waikato},
	Note = {\url{http://dag.cs.waikato.ac.nz/}},
	Title = {The {DAG} project}}

@article{openflow,
	Author = {N.~McKeown and T.~Anderson and H.~Balakrishnan and G.~Parulkar and L.~Peterson and J.~Rexford and S.~Shenker and J.~Turner},
	Journal = CCR,
	Title = {Open{F}low: enabling innovation in campus networks},
	Year = {2008}}

@article{McGregor_NLANR:2000,
	Author = {T. McGregor and H.-W. Braun and J. Brown},
	Journal = {IEEE Communications Magazine},
	Month = {May},
	Title = {The {NLANR} {N}etwork {A}nalysis {I}nfrastructure},
	Year = 2000}

@unpublished{ITA,
	Note = {\url{http://www.acm.org/sigcomm/ITA/}},
	Title = {Internet {T}raffic {A}rchive}}

@inproceedings{dina_distributed:2004,
	Author = {K.~Papagiannaki and N.~Taft and A.~Lakhina},
	Booktitle = IMC,
	Title = {A distributed approach to measure IP traffic matrices},
	Year = {2004}}

@inproceedings{gunnar_estimation:2004,
	Author = {A.~Gunnar and M.~Johansson and T.~Telkamp},
	Booktitle = IMC,
	Title = {Traffic matrix estimation on a large {IP} backbone: a comparison on real data},
	Year = {2004}}

@inproceedings{soule_large_elements:2004,
	Author = {A.~Soule and A.~Nucci and R.~Cruz and E.~Leonardi and N.~Taft},
	Booktitle = SIGMETRICS,
	Title = {How to identify and estimate the largest traffic matrix elements in a dynamic environment},
	Year = {2004}}

@inproceedings{zhang_link:2003,
	Author = {Y.~Zhang and M.~Roughan and N.~Duffield and A.~Greenberg},
	Booktitle = SIGMETRICS,
	Title = {Fast accurate computation of large-scale {IP} traffic matrices from link loads},
	Year = {2003}}

@inproceedings{soule_tm:2005,
	Author = {A.~Soule and A.~Lakhina and N.~Taft and K.~Papagiannaki and K.~Salamatian and A.~Nucci and M.~Crovella and C.~Diot},
	Booktitle = SIGMETRICS,
	Title = {Traffic matrices: balancing measurements, inference and modeling},
	Year = {2005}}

@inproceedings{zhang_tm:2003,
	Author = {Y.~Zhang and M.~Roughan and C.~Lund and D.~Donoho},
	Booktitle = SIGCOMM,
	Location = {Karlsruhe, Germany},
	Title = {An information-theoretic approach to traffic matrix estimation},
	Year = {2003}}

@inproceedings{medina_tm:2002,
	Author = {A.~Medina and N.~Taft and K.~Salamatian and S.~Bhattacharyya and C.~Diot},
	Booktitle = SIGCOMM,
	Title = {Traffic matrix estimation: existing techniques and new directions},
	Year = {2002}}

@article{Xiao_Traffic:2000,
	Author = {X.~Xiao and A.~Hannan and B.~Bailey and L.~Ni},
	Journal = IEEENET,
	Title = {Traffic {E}ngineering with {MPLS} in the {I}nternet},
	Year = 2000}

@inproceedings{Fortz_Internet:2000,
	Author = {B.~Fortz and M.~Thorup},
	Booktitle = INFOCOM,
	Title = {{Internet Traffic Engineering by Optimizing OSPF Weights}},
	Year = 2000}

@inproceedings{anukool-subspace,
	Author = {A.~Lakhina and M.~Crovella and C.~Diot},
	Booktitle = SIGCOMM,
	Month = {August},
	Title = {Diagnosing {N}etwork-wide {T}raffic {A}nomalies},
	Year = 2004}

@article{carrier-grade-ethernet,
	Author = {Fouli, Kerim and Maier, Martin},
	Journal = {IEEE Communications Magazine},
	Month = mar,
	Number = {3},
	Title = {The Road to {Carrier-Grade} {E}thernet},
	Volume = {47},
	Year = {2009}}

@inproceedings{misconfigurations,
	Author = {R. Mahajan and D. Wetherall and T. Anderson},
	Booktitle = SIGCOMM,
	Month = {September},
	Title = {Understanding {BGP} {M}isconfigurations},
	Year = 2002}

@inproceedings{elusive-ground-truth,
	Author = {R. Oliveira and D. Pei and W. Willinger and B. Zhang and L. Zhang},
	Booktitle = SIGMETRICS,
	Title = {{In Search of the Elusive Ground Truth: The Internet's AS-level Connectivity Structure}},
	Year = 2008}

@misc{potaroo,
	Author = {Geoff Huston},
	Howpublished = {\url{http://bgp.potaroo.net/}},
	Title = {{BGP Routing Table Analysis Reports}},
	Year = 2005}

@unpublished{pyrt,
	Author = {R.~Mortier},
	Note = {\url{http://ipmon.sprint.com/pyrt/}},
	Title = {The {P}ython {R}outeing {T}oolkit ({P}y{RT})},
	Year = {2001}}

@misc{abilene-routing,
	Author = {Abilene},
	Howpublished = {{http://abilene.internet2.edu/observatory/}},
	Title = {The {A}bilene {O}bservatory: Abilene routing data}}

@misc{intel-dante,
	Author = {Intel-DANTE},
	Howpublished = {{http://www.cambridge.intel-research.net/monitoring/dante/}},
	Title = {Intel-{DANTE} monitoring project}}

@inproceedings{rexford-nsdi05,
	Author = {J.~Wu and Z.~Mao and J.~Rexford and J.~Wang},
	Booktitle = NSDI,
	Month = {May},
	Title = {{Finding a Needle in a Haystack: Pinpointing Significant {BGP} Routing Changes in an {IP} Network}},
	Year = 2005}

@inproceedings{rexford-popular,
	Author = {J.~Rexford and J.~Wang and Z.~Xiao and Y.~Zhang},
	Booktitle = IMW,
	Month = nov,
	Title = {{BGP} {R}outing {S}tability of {P}opular {D}estinations},
	Year = 2002}

@misc{Cisco_Netflow:99,
	Author = {Cisco},
	Howpublished = {\url{http://www.cisco.com/warp/public/732/netflow}},
	Title = {{NetFlow} services and applications},
	Year = 1999}

@inproceedings{fmopt07drcn,
	Author = {M.O.~Buob and M.~Meulle and S.~Uhlig},
	Booktitle = {6th IEEE International Workshop on the Design of Reliable Communication Networks (DRCN)},
	Title = {{Checking for Optimal Egress Points in iBGP routing}},
	Year = 2007}

@inproceedings{sprint-TR-BGP-intra,
	Author = {S.~Agarwal and C.~Chuah and S.~Bhattacharyya and C.~Diot},
	Booktitle = SIGMETRICS,
	Title = {The {I}mpact of {BGP} {D}ynamics on {I}ntra-{D}omain {T}raffic},
	Year = 2004}

@inproceedings{renata-SIGMETRICS,
	Author = {R.~Teixeira and A.~Shaikh and T.~Griffin and J.~Rexford},
	Booktitle = SIGMETRICS,
	Month = jun,
	Title = {{Dynamics of Hot-Potato Routing in IP Networks}},
	Year = 2004}

@inproceedings{TM_Teixeira:2005,
	Author = {R.~ Teixeira and N.~Duffield and J.~Rexford and M.~Roughan},
	Booktitle = PAM,
	Title = {{Traffic Matrix Reloaded: Impact of Routing Changes}},
	Year = 2005}

@inproceedings{variability-traffic,
	Author = {A.~Feldmann and A.~Gilbert and P.~Huang and W.~Willinger},
	Booktitle = SIGCOMM,
	Location = {Cambridge, Massachusetts, United States},
	Title = {Dynamics of {IP} traffic: a study of the role of variability and the impact of control},
	Year = {1999}}

@inproceedings{RCP,
	Author = {M.~ Caesar and D.~Caldwell and N.~Feamster and J.~Rexford and A.~Shaikh and J.~van~der~Merwe},
	Booktitle = NSDI,
	Title = {Design and implementation of a routing control platform},
	Year = {2005}}

@inproceedings{virtual-routers,
	Author = {N.~Egi and A.~Greenhalgh and M.~Handley and M.~Hoerdt and F.~Huici and L.~Mathy},
	Booktitle = CONEXT,
	Title = {Towards high performance virtual routers on commodity hardware},
	Year = {2008}}

@inproceedings{routebricks,
	Author = {M.~Dobrescu and N.~Egi and K.~Argyraki and B.~Chun and K.~Fall and G.~Iannaccone and A.~Knies and M.~Manesh and S.~Ratnasamy},
	Booktitle = {ACM SOSP},
	Title = {Route{B}ricks: exploiting parallelism to scale software routers},
	Year = {2009}}

@inproceedings{rizzo12,
	Author = {Rizzo, Luigi},
	Booktitle = {Proceedings of the 2012 USENIX conference on Annual Technical Conference},
	Organization = {USENIX Association},
	Pages = {9--9},
	Title = {netmap: a novel framework for fast packet I/O},
	Year = {2012}}

@article{Han10,
	Acmid = {1851207},
	Address = {New York, NY, USA},
	Author = {Han, Sangjin and Jang, Keon and Park, KyoungSoo and Moon, Sue},
	Doi = {10.1145/1851275.1851207},
	Issn = {0146-4833},
	Issue_Date = {October 2010},
	Journal = {SIGCOMM Comput. Commun. Rev.},
	Keywords = {CUDA, GPU, software router},
	Month = aug,
	Number = {4},
	Numpages = {12},
	Pages = {195--206},
	Publisher = {ACM},
	Title = {PacketShader: a GPU-accelerated software router},
	Url = {http://doi.acm.org/10.1145/1851275.1851207},
	Volume = {40},
	Year = {2010},
	Bdsk-Url-1 = {http://doi.acm.org/10.1145/1851275.1851207},
	Bdsk-Url-2 = {http://dx.doi.org/10.1145/1851275.1851207}}

@inproceedings{variability-flows,
	Author = {Wallerich, J{\"o}rg and Feldmann, Anja},
	Booktitle = GINET,
	Month = Apr,
	Title = {Capturing the Variability of Internet Flows Across Time},
	Year = {2006}}

@inproceedings{Feldmann_Deriving:2000,
	Author = {A.~Feldmann and A.~Greenberg and C.~Lund and N.~Reingold and J.~Rexford and F.~True},
	Booktitle = SIGCOMM,
	Month = {September},
	Title = {Deriving traffic demands for operational {IP} networks: methodology and experience},
	Year = 2000}

@article{feldman_ip_net_conf:2001,
	Author = {A. Feldmann and J. Rexford},
	Journal = IEEENET,
	Title = {{IP} {N}etwork {C}onfiguration for {I}ntradomain {T}raffic {E}ngineering},
	Year = {2001}}

@inproceedings{slow-BGP,
	Author = {Ben Houidi, Zied and Meulle, Mickael and Teixeira, Renata},
	Booktitle = IMC,
	Title = {Understanding slow {BGP} routing table transfers},
	Year = {2009}}

@inproceedings{feamster_nsdi_config:2005,
	Author = {N. Feamster and H. Balakrishnan},
	Booktitle = NSDI,
	Title = {{D}etecting {BGP} {C}onfiguration {F}aults with {S}tatic {A}nalysis},
	Year = 2005}

@article{bro,
	Author = {V.~Paxson},
	Journal = COMNET,
	Title = {Bro: a system for detecting network intruders in real-time},
	Year = {1999}}

@book{Halabi_Internet:2000,
	Author = {B. Halabi and D. Mc Pherson},
	Publisher = {Cisco Press},
	Title = {{I}nternet {R}outing {A}rchitectures (2nd {E}dition)},
	Year = 2000}

@book{cisco-ios,
	Author = {V. Bollapragada and C. Murphy and R. White},
	Publisher = {Cisco Press},
	Title = {{I}nside {C}isco {IOS} {S}oftware {A}rchitecture},
	Year = 2000}

@book{cisco-cef,
	Author = {N. Stringfield and R. White and S. McKee},
	Publisher = {Cisco Press},
	Title = {{C}isco {E}xpress {F}orwarding},
	Year = 2007}

@book{juniper,
	Author = {T.~Thomas and D.~Pavlichek},
	Publisher = {Addison-Wesley},
	Title = {Juniper Networks(r) Reference Guide: Junos(tm) Routing, Configuration, and Architecture},
	Year = 2002}

@book{Moy_OSPF:1998,
	Author = {J. Moy},
	Publisher = {Addison-Wesley},
	Title = {{OSPF} : anatomy of an Internet routing protocol},
	Year = 1998}

@misc{rfc4984,
	Author = {D. Meyer and L. Zhang and K. Fall},
	Howpublished = {RFC4984},
	Title = {{Report from the IAB Workshop on Routing and Addressing}},
	Year = 2007}

@misc{rfc3176,
	Author = {P. Phaal and S. Panchen and N. McKee},
	Howpublished = {RFC3176},
	Title = {{InMon Corporation's sFlow: A Method for Monitoring Traffic in Switched and Routed Networks}},
	Year = 2001}

@inproceedings{bgp-routing-model,
	Author = {N.~Feamster and J.~Winick and J.~Rexford},
	Booktitle = SIGMETRICS,
	Month = Jun,
	Title = {A model of {BGP} routing for network engineering},
	Year = {2004}}

@article{Feldmann_NetScope:2000,
	Author = {Anja Feldmann and Albert Greenberg and Carsten Lund and Nick Reingold and Jennifer Rexford},
	Journal = IEEENET,
	Title = {Net{S}cope: {T}raffic {E}ngineering for {IP} {N}etworks},
	Year = 2000}

@inproceedings{Awduche_OptPeering:1998,
	Author = {D. O. Awduche and J. Agogbua and J. McManus},
	Booktitle = {Proceedings of IEEE ICCN'98},
	Month = {October},
	Title = {An Approach to Optimal Peering Between Autonomous Systems in the Internet},
	Year = 1998}

@article{Varghese_Manifesto:2004,
	Author = {G. Varghese and C. Estan},
	Journal = {Comput. Commun. Rev.},
	Number = {1},
	Pages = {9--14},
	Title = {The measurement manifesto},
	Volume = {34},
	Year = {2004}}

@misc{cisco-site,
	Author = {CISCO Systems},
	Note = {\url{http://www.cisco.com}},
	Title = {Technical Support \& Information},
	Year = {2005}}

@inproceedings{CAIDA-metrics:02,
	Author = {B.~Huffaker and M.~Fomenkov and D.~Plummer and D.~Moore and K.~Claffy},
	Booktitle = {IEEE International Telecommunications Symposium (ITS)},
	Month = {September},
	Title = {Distance {M}etrics in the {I}nternet},
	Year = {2002}}

@unpublished{Rekhter_Border:2004,
	Author = {Y. Rekhter and T. Li and S. Hares},
	Month = {October},
	Note = {Internet draft, draft-ietf-idr-bgp4-26.txt, work in progress},
	Title = {A {B}order {G}ateway {P}rotocol 4 ({BGP}-4)},
	Year = 2004}

@inproceedings{florin,
	Author = {F.~Ciucu},
	Booktitle = {International Teletraffic Congress},
	Title = {Network Calculus Delay Bounds in Queueing Networks with Exact Solutions},
	Year = {2007}}

@article{power-efficient-TCAM,
	Author = {Kocak, Taskin and Basci, Faysal},
	Journal = {J. Syst. Archit.},
	Number = {5},
	Pages = {307--314},
	Title = {A power-efficient TCAM architecture for network forwarding tables},
	Volume = {52},
	Year = {2006}}

@inproceedings{nick-buffers-sigcomm,
	Author = {Appenzeller, Guido and Keslassy, Isaac and McKeown, Nick},
	Booktitle = SIGCOMM,
	Location = {Portland, Oregon, USA},
	Title = {Sizing router buffers},
	Year = {2004}}

@article{TCAM-updates,
	Author = {Devavrat Shah and Pankaj Gupta},
	Journal = {IEEE Micro},
	Title = {Fast Incremental Updates on {T}ernary-{CAM}s for Routing Lookups and Packet Classification},
	Year = {2001}}

@article{nick-buffers-ccr,
	Author = {Ganjali, Yashar and McKeown, Nick},
	Journal = CCR,
	Title = {Update on buffer sizing in internet routers},
	Year = {2006}}

@unpublished{draft-SRAM,
	Author = {R. Whittle},
	Month = {October},
	Note = {Internet draft, draft-whittle-sram-ip-forwarding-01.txt, work in progress},
	Title = {{SRAM}-based {IP} Forwarding Eliminates the Need for Route Aggregation},
	Year = 2007}

@unpublished{Norton_Art:2002,
	Author = {W.B.~Norton},
	Note = {2002},
	Title = {The art of peering: the peering playbook}}

@inproceedings{SAC-04,
	Author = {S.~Uhlig and V.~Magnin and O.~Bonaventure and C.~Rapier and L. ~Deri},
	Booktitle = {ACM SAC'04},
	Month = Mar,
	Title = {Implications of the {T}opological {P}roperties of {I}nternet {T}raffic on {T}raffic {E}ngineering},
	Year = {2004}}

@article{Quoitin_Interdomain:2003,
	Author = {B. Quoitin and S. Uhlig and C. Pelsser and L. Swinnen and O.Bonavent ure},
	Journal = IEEECOM,
	Title = {{I}nterdomain {T}raffic {E}ngineering with {BGP}},
	Year = 2003}

@article{carrier-ethernet,
	Author = {A.~Bragg},
	Journal = IEEECOM,
	Title = {Ethernet as Carrier Transport Infrastructure},
	Year = 2006}

@inproceedings{Bressoud_Infocom:2003,
	Author = {T. C. Bressoud and R. Rastogi and M. A. Smith},
	Booktitle = {Proceedings of IEEE Infocom},
	Month = apr,
	Title = {{O}ptimal {C}onfiguration for {BGP} {R}oute {S}election},
	Year = 2003}

@inproceedings{cool-CAM,
	Author = {F. Zane and G. Narlikar and A. Basu},
	Booktitle = INFOCOM,
	Month = Apr,
	Title = {Cool{CAM}s: power-efficient {TCAM}s for forwarding engines},
	Year = 2003}

@inproceedings{hot-potato-sensitivity,
	Author = {R.~Teixeira and T.~Griffin and G.~Voelker and A.~Shaikh},
	Booktitle = SIGCOMM,
	Title = {{Network Sensitivity to Hot Potato Disruptions}},
	Year = {2004}}

@inproceedings{gao_inferring,
	Author = {L. Gao},
	Booktitle = GINET,
	Title = {{On Inferring Autonomous System Relationships in the Internet}},
	Year = {2000}}

@inproceedings{Rabbat_Infocom:2004,
	Author = {M. Rabbat and R. Nowak and M. Coates},
	Booktitle = {Proceedings of IEEE Infocom},
	Month = Mar,
	Title = {{M}ultiple {S}ource, {M}ultiple {D}estination {N}etwork {T}omography},
	Where = {Hong Kong},
	Year = 2004}

@unpublished{ssfnet_2001,
	Author = {B. J. Premore},
	Note = {available from \url{http://www.cs.dartmouth.edu/~beej/bgp/}},
	Title = {{SSF Implementations of BGP-4}},
	Year = 2001}

@phdthesis{javasim_2002,
	Author = {H. Tyan},
	School = {Ohio State University},
	Title = {Design, realization and evaluation of a component-based compositional software architecture for network simulation},
	Year = 2002}

@inproceedings{bgp-instab2,
	Author = {T.~Griffin and G.~Wilfong},
	Booktitle = SIGCOMM,
	Title = {{An Analysis of {BGP} Convergence Properties}},
	Year = 1999}

@misc{route-reflectors,
	Author = {T.~Bates and R.~Chandra and E.~Chen},
	Howpublished = {RFC4456},
	Title = {{BGP} {R}oute {R}eflection - {A}n {A}lternative to {F}ull {M}esh {IBGP}},
	Year = 2006}

@misc{IPFIX,
	Author = {B.~Claise},
	Howpublished = {RFC5101},
	Title = {Specification of the {IP} Flow Information Export ({IPFIX}) Protocol for the Exchange of {IP} Traffic Flow Information},
	Year = 2008}

@book{route-reflector-book,
	Author = {R.~Zhang and M.~Bartell},
	Publisher = {Cisco Press},
	Title = {BGP Design and Implementation},
	Year = 2003}

@book{clustering-book,
	Author = {L.~Kaufman and P.~Rousseeuw},
	Publisher = {John Wiley and Sons},
	Title = {Finding Groups in Data: An Introduction to Cluster Analysis},
	Year = 2005}

@book{Vasseur_Recovery:2004,
	Author = {J.-P. Vasseur and M. Pickavet and P. Demeester},
	Publisher = {Morgan Kaufmann},
	Title = {Network Recovery: Protection and Restoration of Optical, {SONET-SDH}, and {MPLS}},
	Year = 2004}

@misc{quagga,
	Howpublished = {\url{http://www.quagga.net}},
	Key = {Quagga},
	Title = {{Q}uagga {R}outing {S}uite}}

@article{Sarrar12,
	Acmid = {2096152},
	Address = {New York, NY, USA},
	Author = {Sarrar, Nadi and Uhlig, Steve and Feldmann, Anja and Sherwood, Rob and Huang, Xin},
	Doi = {10.1145/2096149.2096152},
	Issn = {0146-4833},
	Issue_Date = {January 2012},
	Journal = {SIGCOMM Comput. Commun. Rev.},
	Keywords = {heavy hitters, software defined network, software router},
	Month = jan,
	Number = {1},
	Numpages = {7},
	Pages = {16--22},
	Publisher = {ACM},
	Title = {Leveraging Zipf's law for traffic offloading},
	Url = {http://doi.acm.org/10.1145/2096149.2096152},
	Volume = {42},
	Year = {2012},
	Bdsk-Url-1 = {http://doi.acm.org/10.1145/2096149.2096152},
	Bdsk-Url-2 = {http://dx.doi.org/10.1145/2096149.2096152}}

@misc{switch-comparison,
	Howpublished = {\url{http://www.networkworld.com/reviews/2010/011810-ethernet-switch-test.html}},
	Key = {switch-comparison},
	Title = {Arista, {B}lade win top spot in data center switch test},
	Year = 2010}

@misc{ipnfusion,
	Howpublished = {\url{http://www.ipinfusion.com/}},
	Key = {ipnfusion},
	Title = {IP {I}nfusion {ZebOS}}}

@misc{vyatta,
	Author = {J.~Edwards},
	Booktitle = {Computer World},
	Howpublished = {\url{http://www.computerworld.com/s/article/9133851}},
	Title = {Enterprises cut costs with open-source routers},
	Year = 2009}

@misc{arista,
	Author = {{Arista~Networks}},
	Howpublished = {\url{www.aristanetworks.com/en/EOS}},
	Title = {{EOS}: An Extensible Operating System},
	Year = 2009}

@misc{zebra:2003,
	Howpublished = {\url{http://www.zebra.org}},
	Title = {{GNU} {Z}ebra {R}outing {S}uite},
	Year = 2003}

@book{Stewart_BGP4:1999,
	Author = {J. Stewart},
	Publisher = {Addison Wesley},
	Title = {{BGP4} : interdomain routing in the Internet},
	Year = 1999}

@unpublished{mrtd,
	Author = {Merit Network},
	Note = {\url{http://www.mrtd.net}},
	Title = {{MRTd}: multi-threaded routing toolkit}}

@article{Filsfils_diffserv:2005,
	Author = {C. Filsfils and J. Evans},
	Journal = {IEEE Internet Computing},
	Month = {January-February},
	Title = {{D}eploying {D}iffserv in {B}ackbone {N}etworks for {T}ight {SLA} {C}ontrol},
	Year = 2005}

@inproceedings{Telkamp_traffic:2004,
	Author = {A. Gunnar and M. Johansson and T. Telkamp},
	Booktitle = {Proceedings of ACM IMC},
	Month = {October},
	Title = {{T}raffic {M}atrix {E}stimation on a {L}arge {IP} {B}ackbone - {A} {C}omparison on {R}eal {D}ata},
	Year = 2004}

@misc{rfc4271bgp,
	Author = {Yakov Rekhter and Tony Li},
	Howpublished = {IETF RFC4271},
	Month = {January},
	Number = {4271},
	Title = {A Border Gateway Protocol~4 ({BGP}-4)},
	Year = 2006}

@misc{rfc3065,
	Author = {P. Traina and D. McPherson and J. Scudder},
	Month = {February},
	Title = {{A}utonomous {S}ystem {C}onfederations for {BGP}},
	Year = 2001}

@unpublished{totem-lisis:2005,
	Author = {Olivier Bonaventure},
	Month = Jun,
	Note = {\url{http://totem.info.ucl.ac.be/lisis_tool/}},
	Title = {{LISIS} - {A} simple {ISIS} analyser},
	Year = 2005}

@unpublished{totem:2005,
	Author = {TOTEM},
	Month = {February},
	Note = {\url{http://totem.info.ucl.ac.be}},
	Title = {{A} {TO}olbox for {T}raffic {E}ngineering {M}ethods},
	Year = 2005}

@misc{zebra:1996,
	Author = {Kunihiro Ishiguro},
	Howpublished = {Available from \url{http://www.zebra.org}},
	Title = {{GNU} {Z}ebra: free routing software},
	Year = 1996}

@article{quoitin-cbgp:2005,
	Author = {B. Quoitin and S. Uhlig},
	Journal = IEEENET,
	Title = {{M}odeling the {R}outing of an {A}utonomous {S}ystem with {C-BGP}},
	Year = 2005}

@article{RUN10,
	Author = {S. Balon and O. Delcourt and J. Lepropre and F. Skiv{\'e}e and G. Leduc},
	Journal = {Submitted to IEEE eTransactions on Network and Service Management},
	Title = {A traffic engineering toolbox and its application to the GEANT network},
	Year = {2005}}

@inproceedings{FFF99,
	Author = {M. Faloutsos and P. Faloutsos and C. Faloutsos},
	Booktitle = {ACM SIGCOMM'99},
	Title = {On power-law relationships of the Internet topology},
	Year = {1999}}

@inproceedings{uhlig-quantifying,
	Author = {S.~Uhlig and S.~Tandel},
	Booktitle = {IFIP Networking},
	Title = {{Quantifying the Impact of Route-Reflection on BGP Routes Diversity inside a Tier-1 Network}},
	Year = {2006}}

@inproceedings{andersen02:_topol,
	Author = {D.G.~Andersen and N. Feamster and S. Bauer and H. Balakrishnan},
	Booktitle = IMW,
	Title = {Topology Inference from {BGP} Routing Dynamics},
	Year = 2002}

@article{feamster03:_guide,
	Author = {N. Feamster and J. Borkenhagen and J. Rexford},
	Journal = CCR,
	Title = {Guidelines for Interdomain Traffic Engineering},
	Year = 2003}

@misc{ripencc,
	Howpublished = {\url{http://www.ripe.net/ris/}},
	Key = {RIPE},
	Title = {{RIPE} Routing Information Service}}

@misc{caida,
	Howpublished = {\url{http://www.caida.org/data/}},
	Title = {The {CAIDA} Web Site}}

@article{zhang:as-level-topology,
	Author = {B. Zhang and R. Liu and D. Massey and L. Zhang},
	Journal = CCR,
	Title = {{Collecting the Internet AS-level Topology}},
	Year = 2005}

@book{performance-analysis,
	Author = {R. Jain},
	Publisher = {John Wiley \& Sons, Inc.},
	Title = {{The Art of Computer Systems Performance Analysis}},
	Year = 1991}

@inproceedings{igen,
	Author = {B. Quoitin and V. Van den Schrieck and P. Francois and O. Bonaventure},
	Booktitle = ITC,
	Month = {September},
	Title = {{IGen: Generation of Router-level Internet Topologies through Network Design Heuristics}},
	Year = 2009}

@unpublished{r-stat,
	Author = {Merit Network},
	Note = {\url{http://www.r-project.org}},
	Title = {{R -- A Language for Data Analysis and Graphics}}}

@inproceedings{path-splicing,
	Author = {M. Motiwala and M. Elmore and N. Feamster and S. Vempala},
	Booktitle = SIGCOMM,
	Title = {{Path Splicing}},
	Year = {2008}}

@inproceedings{seattle,
	Author = {Kim, Changhoon and Caesar, Matthew and Rexford, Jennifer},
	Booktitle = SIGCOMM,
	Title = {Floodless in seattle: a scalable ethernet architecture for large enterprises},
	Year = {2008}}

@article{traffic-engineering,
	Author = {Bernard Fortz and Jennifer Rexford and Mikkel Thorup},
	Journal = {IEEE Communications Magazine},
	Title = {Traffic engineering with traditional IP routing protocols},
	Year = {2002}}

@inproceedings{brite,
	Author = {A. Medina and A. Lakhina and I. Matta and J. Byers},
	Booktitle = {IEEE International Symposium on Modeling, Analysis and Simulation of Computer and Telecommunication Systems (MASCOTS)},
	Title = {{An Approach to Universal Topology Generation}},
	Year = 2001}

@inproceedings{gt-itm,
	Author = {K. Calvert, J. Eagan, S. Merugu and A. Namjoshi and J. Stasko and E. Zegura},
	Booktitle = {ACM SIGCOMM workshop on models, methods and tools for reproducible network research},
	Title = {{Extending and Enhancing GT-ITM}},
	Year = 2003}

@article{alderson,
	Author = {D. Alderson and J. Doyle and R. Govindan and W. Willinger},
	Journal = CCR,
	Title = {{Towards an Optimization-Driven Framework for Designing and Generating Realistic Internet Topologies}},
	Year = 2003}

@book{bgp,
	Author = {Stewart III, John~W.},
	Publisher = {Addison Wesley Longman, Inc},
	Title = {BGP4 - Inter-Domain Routing in the Internet},
	Year = 1999}

@inproceedings{microsoft-optimal,
	Author = {R.~Draves and C.~King and S.~Venkatachary and B.~Zill},
	Booktitle = INFOCOM,
	Title = {Constructing optimal {IP} routing tables},
	Year = {1999}}

@inproceedings{pam-caching,
	Author = {Changhoon Kim and Matthew Caesar and Alexandre Gerber and Jennifer Rexford},
	Booktitle = PAM,
	Title = {Revisiting Route Caching: The World Should Be Flat},
	Year = {2009}}

@inproceedings{buffalo,
	Author = {Yu, Minlan and Fabrikant, Alex and Rexford, Jennifer},
	Booktitle = CONEXT,
	Title = {{BUFFALO}: bloom filter forwarding architecture for large organizations},
	Year = {2009}}

@inproceedings{path-inflation,
	Author = {N. Spring and R. Mahajan and T. Anderson},
	Booktitle = SIGCOMM,
	Title = {{Quantifying the Causes of Path Inflation}},
	Year = 2003}

@inproceedings{sigcomm99,
	Author = {S. Savage and A. Collins and E. Hoffman and J. Snell and T. Anderson},
	Booktitle = SIGCOMM,
	Title = {{The End-to-End Effects of Internet Path Selection}},
	Year = 1999}

@article{hierarchical-routing,
	Author = {L. Kleinrock and F. Kamoun},
	Journal = {Computer Networks},
	Pages = {155-174},
	Title = {{Hierarchical Routing for Large Networks: Performance Evaluation and Optimization}},
	Volume = {1},
	Year = {1977}}

@inproceedings{discarte,
	Author = {R. Sherwood and A. Bender and N. Spring},
	Booktitle = SIGCOMM,
	Title = {{DisCarte: A Disjunctive Internet Cartographer}},
	Year = {2008}}

@inproceedings{FangPeterson:99,
	Author = {Fang, Wenjia and Peterson, Larry},
	Booktitle = GINET,
	Title = {Inter-AS Traffic Patterns and Their Implications},
	Year = 1999}

@inproceedings{feldmann:00,
	Author = {A. Feldmann and A. Greenberg and C. Lund and N. Reingold and J. Rexford and F. True},
	Booktitle = SIGCOMM,
	Title = {Deriving Traffic Demands for Operational {IP} Networks: Methodology and Experience},
	Year = {2000}}

@inproceedings{ZhangBreslauPaxsonShenker2002,
	Author = {Zhang, Yin and Breslau, Lee and Paxson, Vern and Shenker, Scott},
	Booktitle = SIGCOMM,
	Title = {On the Characteristics and Origins of Internet Flow Rates},
	Year = {2002}}

@article{Wallerich:2005,
	Author = {J.~Wallerich and H.~Dreger and A.~Feldmann and B.~Krishnamurthy and W.~Willinger},
	Journal = CCR,
	Title = {A methodology for studying persistency aspects of Internet flows},
	Year = {2005}}

@article{BrownleeClaffy02,
	Author = {Kimberly C. Claffy and Nevil Brownlee},
	Journal = {IEEE Communications Magazine},
	Title = {Understanding {Internet} Traffic Streams: Dragonflies and {Tortoises}.},
	Year = {2002}}

@book{halabi:97,
	Author = {Bassam Halabi},
	Publisher = {Cisco Press},
	Title = {{Internet} Routing Architectures},
	Year = 1997}

@book{moy:98,
	Author = {John Moy},
	Publisher = {Addison-Wesley},
	Title = {{OSPF}: Anatomy of an {Internet} Routing Protocol},
	Year = 1998}

@inproceedings{trafficdesignprinc,
	Author = {Papagiannakit, K. and Taft, N. and Diot, C.},
	Booktitle = INFOCOM,
	Title = {Impact of flow dynamics on traffic engineering design principles},
	Year = {2004}}

@inproceedings{fibium-conext,
	Author = {Sarrar, Nadi and Feldmann, Anja and Uhlig, Steve and Sherwood, Rob and Huang, Xin},
	Booktitle = {Proceedings of the ACM CoNEXT Student Workshop},
	Title = {Towards hardware accelerated software routers},
	Year = {2010}}

@inproceedings{netfpga-openflow,
	Author = {J.~Naous and D.~Erickson and G.~Covington and G.~Appenzeller and N.~McKeown},
	Booktitle = {ACM ANCS},
	Title = {Implementing an {OpenFlow} switch on the {NetFPGA} platform},
	Year = {2008}}

@inproceedings{flowvisor-osdi,
	Author = {Rob Sherwood and Glen Gibb and {{Kok-Kiong}} Yapa and Martin Cassado and Guido Appenzeller and Nick McKeown and Guru Parulkar},
	Booktitle = {OSDI},
	Ofbooktitle = {Symposium of Operating Systems Design and Implementation (OSDI)},
	Title = {Can the production network be the test-bed?},
	Year = 2010}

@inproceedings{plug_n_serv,
	Author = {N. Handigol and S. Seetharaman and M. Flajslik and N. McKeown and R. Johari},
	Booktitle = {ACM SIGCOMM Demo},
	Month = {August},
	Title = {{Plug-n-Serve: Load-Balancing Web Traffic using OpenFlow}},
	Year = {2009}}

@inproceedings{elastic_tree,
	Author = {Brandon Heller and Srini Seetharaman and Priya Mahadevan and Yiannis Yiakoumis and Puneet Sharma and Sujata Banerjee and Nick McKeown},
	Booktitle = {Usenix Network Systems Implementation and Design (NSDI)},
	Title = {{ElasticTree}: Saving Energy in Data Center Networks},
	Year = 2010}

@inproceedings{pam-caching2011,
	Author = {Kaustubh Gadkari and Daniel Massey and Christos Papadopoulos},
	Booktitle = {Passive and Active Measurements Conference},
	Title = {Dynamics of Prefix Usage at An Edge Router},
	Year = 2011}

@inproceedings{difane,
	Author = {Yu, Minlan and Rexford, Jennifer and Freedman, Michael J. and Wang, Jia},
	Booktitle = SIGCOMM,
	Issue_Date = {2010},
	Keywords = {access control, network architecture, openflow, scalability},
	Month = {August},
	Title = {Scalable flow-based networking with DIFANE},
	Year = {2010}}

@inproceedings{Corin12,
	Author = {Corin, R.D. and Gerola, M. and Riggio, R. and De Pellegrini, F. and Salvadori, E.},
	Booktitle = {Software Defined Networking (EWSDN), 2012 European Workshop on},
	Doi = {10.1109/EWSDN.2012.19},
	Pages = {24-29},
	Title = {VeRTIGO: Network Virtualization and Beyond},
	Year = {2012},
	Bdsk-Url-1 = {http://dx.doi.org/10.1109/EWSDN.2012.19}}

@article{Drutskoy13,
	Author = {Drutskoy, Dmitry and Keller, Eric and Rexford, Jennifer},
	Doi = {10.1109/MIC.2012.144},
	Issn = {1089-7801},
	Journal = {Internet Computing, IEEE},
	Number = {2},
	Pages = {20-27},
	Title = {Scalable Network Virtualization in Software-Defined Networks},
	Volume = {17},
	Year = {2013},
	Bdsk-Url-1 = {http://dx.doi.org/10.1109/MIC.2012.144}}

@article{handigol09,
	Author = {Handigol, Nikhil and Seetharaman, Srinivasan and Flajslik, Mario and McKeown, Nick and Johari, Ramesh},
	Journal = {ACM SIGCOMM Demo},
	Title = {Plug-n-Serve: Load-balancing web traffic using OpenFlow},
	Year = {2009}}

@inproceedings{handigol10,
	Author = {Handigol, Nikhil and Seetharaman, S and Flajslik, M and Johari, Ramesh and McKeown, Nick},
	Booktitle = {9th GENI Engineering Conference (Plenary)},
	Title = {Aster* x: Load-balancing as a network primitive},
	Year = {2010}}

@article{flowvisor-ccr,
	Acmid = {1672333},
	Address = {New York, NY, USA},
	Author = {Sherwood, Rob and Chan, Michael and Covington, Adam and Gibb, Glen and Flajslik, Mario and Handigol, Nikhil and Huang, Te-Yuan and Kazemian, Peyman and Kobayashi, Masayoshi and Naous, Jad and Seetharaman, Srinivasan and Underhill, David and Yabe, Tatsuya and Yap, Kok-Kiong and Yiakoumis, Yiannis and Zeng, Hongyi and Appenzeller, Guido and Johari, Ramesh and McKeown, Nick and Parulkar, Guru},
	Doi = {http://doi.acm.org/10.1145/1672308.1672333},
	Issn = {0146-4833},
	Issue = {1},
	Journal = {SIGCOMM Comput. Commun. Rev.},
	Keywords = {architecture, flowvisor, openflow, slicing, virtual networks},
	Month = {January},
	Numpages = {2},
	Pages = {129--130},
	Publisher = {ACM},
	Title = {Carving research slices out of your production networks with OpenFlow},
	Url = {http://doi.acm.org/10.1145/1672308.1672333},
	Volume = {40},
	Year = {2010},
	Bdsk-Url-1 = {http://doi.acm.org/10.1145/1672308.1672333}}

@inproceedings{onix,
	Author = {T.~Koponen and M.~Casado and N.~Gude and J.~Stribling and L.~Poutievski and M.~Zhu and R.~Ramanathan and Y.~Iwata and H.~Inoue and T.~Hama and S.~Shenker},
	Booktitle = OSDI,
	Title = {Onix: A Distributed Control Platform for Large-scale Production Networks},
	Year = {2010}}

@article{nox,
	Author = {Gude, Natasha and Koponen, Teemu and Pettit, Justin and Pfaff, Ben and Casado, Mart\'{\i}n and McKeown, Nick and Shenker, Scott},
	Journal = ccr,
	Title = {NOX: towards an operating system for networks},
	Year = {2008}}

@article{flowstream,
	Author = {Greenhalgh, Adam and Huici, Felipe and Hoerdt, Mickael and Papadimitriou, Panagiotis and Handley, Mark and Mathy, Laurent},
	Journal = ccr,
	Title = {Flow processing and the rise of commodity network hardware},
	Year = {2009}}

@misc{forces,
	Howpublished = {\small{\url{http://datatracker.ietf.org/wg/forces/}}},
	Title = {{IETF Working Group ForCES}}}

@inproceedings{tesseract-nsdi07,
	Author = {Hong Yan and David A. Maltz and T. S. Eugene Ng and Hemant Gogineni and Hui Zhang and Zheng Cai},
	Booktitle = NSDI,
	Title = {{Tesseract: A 4D Network Control Plane}},
	Year = {2007}}

@inproceedings{packetshader,
	Author = {Han, Sangjin and Jang, Keon and Park, KyoungSoo and Moon, Sue},
	Booktitle = SIGCOMM,
	Title = {PacketShader: a GPU-accelerated software router},
	Year = {2010}}

@inproceedings{netfpga,
	Author = {Lockwood, John W. and McKeown, Nick and Watson, Greg and Gibb, Glen and Hartke, Paul and Naous, Jad and Raghuraman, Ramanan and Luo, Jianying},
	Booktitle = {Proc. of IEEE MSE},
	Title = {{NetFPGA}--An Open Platform for Gigabit-Rate Network Switching and Routing},
	Year = {2007}}

@article{Gude08,
	Author = {Gude, Natasha and Koponen, Teemu and Pettit, Justin and Pfaff, Ben and Casado, Mart\'{\i}n and McKeown, Nick and Shenker, Scott},
	Journal = {SIGCOMM Comput. Commun. Rev.},
	Month = {July},
	Ofacmid = {1384625},
	Ofaddress = {New York, NY, USA},
	Ofissue = {3},
	Ofnumpages = {6},
	Ofpublisher = {ACM},
	Ofvolume = {38},
	Title = {NOX: towards an operating system for networks},
	Year = {2008}}

@misc{SNAC,
	Note = {\url{http://www.openflow.org/wp/snac/}},
	Title = {The SNAC OpenFlow controller},
	Year = {2010}}

@techreport{Donnelly02,
	Author = {Stephen F Donnelly},
	Title = {High Precision Timing in Passive Measurements of Data Networks},
	Year = {2002}}

@article{Schmid08,
	Acmid = {1375469},
	Address = {New York, NY, USA},
	Author = {Schmid, Thomas and Charbiwala, Zainul and Friedman, Jonathan and Cho, Young H. and Srivastava, Mani B.},
	Doi = {http://doi.acm.org/10.1145/1384529.1375469},
	Issn = {0163-5999},
	Issue = {1},
	Journal = {SIGMETRICS Perform. Eval. Rev.},
	Keywords = {clocks, emulation, oscillator, time synchronization},
	Month = Jun,
	Numpages = {12},
	Pages = {97--108},
	Publisher = {ACM},
	Title = {Exploiting manufacturing variations for compensating environment-induced clock drift in time synchronization},
	Url = {http://doi.acm.org/10.1145/1384529.1375469},
	Volume = {36},
	Year = {2008},
	Bdsk-Url-1 = {http://doi.acm.org/10.1145/1384529.1375469}}

@inproceedings{openvswitch,
	Author = {Justin Pettit and Jesse Gross and Ben Pfaff and Martin Casado and Simon Crosby},
	Booktitle = {DC-CAVES},
	Ofbooktitle = {Proc. of the 2nd Workshop on Data Center - Converged and Virtual Ethernet Switching},
	Title = {Virtualizing the Network Forwarding Plane},
	Year = {2010}}

@misc{of-reference-impl,
	Author = {{OpenFlow Consortium}},
	Howpublished = {\url{http://www.openflow.org/wp/develop/}},
	Title = {{OpenFlow reference implementation}},
	Year = 2009}

@misc{dag-card,
	Author = {Endace Data Acquisition and Generation cards},
	Howpublished = {http://www.endace.com/}}

@inproceedings{antichi2010open,
	Author = {Gianni Antichi and David J. Miller and Stefano Giordano},
	Booktitle = {Proc. of the 1st European NetFPGA Developers Workshop},
	Month = sep,
	Title = {An Open-Source Hardware Module for High-Speed Network Monitoring on {NetFPGA}},
	Year = 2010}

@inproceedings{openflow-netfpga,
	Author = {Naous, Jad and Erickson, David and Covington, G. Adam and Appenzeller, Guido and McKeown, Nick},
	Booktitle = {ANCS},
	Ofacmid = {1477944},
	Ofaddress = {New York, NY, USA},
	Ofbooktitle = {Proceedings of the 4th ACM/IEEE Symposium on Architectures for Networking and Communications Systems},
	Ofdoi = {http://doi.acm.org/10.1145/1477942.1477944},
	Ofisbn = {978-1-60558-346-4},
	Ofkeywords = {NetFPGA, OpenFlow, computer networks, flow switching, packet switching, programmable networks},
	Oflocation = {San Jose, California},
	Ofnumpages = {9},
	Ofpages = {1--9},
	Ofpublisher = {ACM},
	Ofseries = {ANCS '08},
	Ofurl = {http://doi.acm.org/10.1145/1477942.1477944},
	Title = {Implementing an OpenFlow switch on the NetFPGA platform},
	Year = {2008}}

@inproceedings{freedman2010exact,
	Address = {New York, NY, USA},
	Author = {Freedman, Daniel A. and Marian, Tudor and Lee, Jennifer H. and Birman, Ken and Weatherspoon, Hakim and Xu, Chris},
	Booktitle = {Proceedings of the 10th annual conference on Internet measurement},
	Doi = {http://doi.acm.org/10.1145/1879141.1879187},
	Ofacmid = {1879187},
	Ofbooktitle = {IMC 2010},
	Ofisbn = {978-1-4503-0483-2},
	Ofkeywords = {10 gbps, ethernet, optical network, wide-area network},
	Oflocation = {Melbourne, Australia},
	Ofnumpages = {14},
	Ofpages = {342--355},
	Ofurl = {http://doi.acm.org/10.1145/1879141.1879187},
	Publisher = {ACM},
	Series = {IMC 2010},
	Title = {Exact temporal characterization of 10 Gbps optical wide-area network},
	Year = {2010},
	Bdsk-Url-1 = {http://doi.acm.org/10.1145/1879141.1879187}}

@misc{nx2,
	Author = {Agilent},
	Note = {\url{http://advanced.comms.agilent.com/n2x/}},
	Title = {{N2X} router tester}}

@misc{ixia,
	Author = {Ixia},
	Note = {\url{http://www.ixiacom.com/}},
	Title = {Interfaces}}

@inproceedings{pktgen,
	Author = {Olsson, R.},
	Booktitle = {Proceedings of Linux symposium},
	Title = {pktgen the Linux packet generator},
	Year = {2005}}

@inproceedings{devoflow,
	Author = {Curtis, Andrew R. and Mogul, Jeffrey C. and Tourrilhes, Jean and Yalagandula, Praveen and Sharma, Puneet and Banerjee, Sujata},
	Booktitle = SIGCOMM,
	Title = {DevoFlow:Scaling Flow Management for High-Performance Networks},
	Year = {2011}}

@misc{oflops-manual,
	Author = {\oflops},
	Note = {\url{http://www.openflow.org/wk/index.php/Oflops}},
	Title = {\oflops Manual},
	Year = 2011}

@techreport{unesco2012,
	Author = {ITU},
	Institution = {Broadband Commission for Digital Development},
	Title = {The state of broadband 2012: achieving digital inclusion for all},
	Year = {2012}}

@misc{itufacts2011,
	Author = {ITU},
	Note = {\url{http://www.itu.int/ITU-D/ict/facts/2011/material/ICTFactsFigures2011.pdf}},
	Title = {The World in 2011: ICT facts and figures},
	Year = {2011}}

@article{duRausas:2011un,
	Author = {du Rausas, Matthieu P{\'e}lissi{\'e} and Manyika, James and Hazan, Eric and Bughin, Jacques and Chui, Michael and Said, R{\'e}mi},
	Month = may,
	Note = {\url{http://www.mckinsey.com/insights/mgi/research/technology_and_innovation/internet_matters}},
	Pages = {1--13},
	Title = {{Internet matters: The Net's sweeping impact on growth, jobs, and prosperity}},
	Year = {2011}}

@misc{ericson,
	Title = {{traffic and market report}},
	Url = {http://www.ericsson.com/res/docs/2012/traffic_and_market_report_june_2012.pdf},
	Bdsk-Url-1 = {http://www.ericsson.com/res/docs/2012/traffic_and_market_report_june_2012.pdf}}

@misc{Licklider1963,
	Author = {Licklider, J. C. R.},
	Citeulike-Article-Id = {9600064},
	Citeulike-Linkout-0 = {http://www.kurzweilai.net/memorandum-for-members-and-affiliates-of-the-intergalactic-computer-network},
	Keywords = {inmasterthesis},
	Month = apr,
	Posted-At = {2011-08-01 13:31:58},
	Priority = {2},
	Title = {{Memorandum For Members and Affiliates of the Intergalactic Computer Network}},
	Url = {http://www.kurzweilai.net/memorandum-for-members-and-affiliates-of-the-intergalactic-computer-network},
	Year = {1963},
	Bdsk-Url-1 = {http://www.kurzweilai.net/memorandum-for-members-and-affiliates-of-the-intergalactic-computer-network}}

@article{Clark:1988,
	Acmid = {52336},
	Address = {New York, NY, USA},
	Author = {Clark, D.},
	Doi = {10.1145/52325.52336},
	Issn = {0146-4833},
	Issue_Date = {August 1988},
	Journal = {SIGCOMM Comput. Commun. Rev.},
	Month = aug,
	Number = {4},
	Numpages = {9},
	Pages = {106--114},
	Publisher = {ACM},
	Title = {The design philosophy of the DARPA internet protocols},
	Url = {http://doi.acm.org/10.1145/52325.52336},
	Volume = {18},
	Year = {1988},
	Bdsk-Url-1 = {http://doi.acm.org/10.1145/52325.52336},
	Bdsk-Url-2 = {http://dx.doi.org/10.1145/52325.52336}}

@book{klang2005human,
	Author = {Klang, Mathias and Murray, Andrew},
	Publisher = {GlassHouse},
	Title = {{Human Rights In The Digital Age}},
	Year = {2005}}

@article{Akhshabi:2011uz,
	Author = {Akhshabi, S and Dovrolis, C},
	Journal = {ACM SIGCOMM Computer Communication Review},
	Number = {4},
	Pages = {206},
	Title = {{The evolution of layered protocol stacks leads to an hourglass-shaped architecture}},
	Volume = {41},
	Year = {2011}}

@article{Mills:1987tt,
	Author = {Mills, D L and Braun, H W},
	Journal = {ACM SIGCOMM Computer Communication Review},
	Number = {5},
	Pages = {191--196},
	Title = {{The NSFNET backbone network}},
	Volume = {17},
	Year = {1987}}

@misc{beranek81,
	Author = {Beranek, Bolt},
	Howpublished = {\url{http://www.darpa.mil/WorkArea/DownloadAsset.aspx?id=2677}},
	Title = {A History of the ARPANET: The First Decade},
	Year = {1981}}

@article{end2endIP,
	Acmid = {357402},
	Address = {New York, NY, USA},
	Author = {Saltzer, J. H. and Reed, D. P. and Clark, D. D.},
	Doi = {10.1145/357401.357402},
	Issn = {0734-2071},
	Issue_Date = {Nov. 1984},
	Journal = {ACM Trans. Comput. Syst.},
	Keywords = {data communication, design principles, protocol design},
	Month = nov,
	Number = {4},
	Numpages = {12},
	Pages = {277--288},
	Publisher = {ACM},
	Title = {End-to-end arguments in system design},
	Url = {http://doi.acm.org/10.1145/357401.357402},
	Volume = {2},
	Year = {1984},
	Bdsk-Url-1 = {http://doi.acm.org/10.1145/357401.357402},
	Bdsk-Url-2 = {http://dx.doi.org/10.1145/357401.357402}}

@book{Katz:2002:SCI:773243,
	Address = {Cambridge, MA, USA},
	Author = {Katz, James E. and Rice, Ronald E.},
	Isbn = {0262112698},
	Publisher = {MIT Press},
	Title = {Social Consequences of Internet Use: Access, Involvement, and Interaction},
	Year = {2002}}

@article{Mobile:2012vd,
	Author = {Mobile, CVNI},
	Journal = {White Paper},
	Title = {{Cisco Visual Networking Index: Global Mobile Data Traffic Forecast Update, 2011--2016 }},
	Year = {2012}}

@article{Cisco:2012wu,
	Author = {Cisco, I},
	Journal = {CISCO White paper},
	Title = {{Cisco Visual Networking Index: Forecast and Methodology, 2011--2016}},
	Year = {2012}}

@article{Day:1983vy,
	Author = {Day, J D and Zimmermann, H},
	Journal = {Proceedings of the IEEE},
	Number = {12},
	Pages = {1334--1340},
	Title = {{The OSI reference model}},
	Volume = {71},
	Year = {1983}}

@inproceedings{Huang:2010wb,
	Acmid = {1814452},
	Address = {New York, NY, USA},
	Author = {Huang, Junxian and Xu, Qiang and Tiwana, Birjodh and Mao, Z. Morley and Zhang, Ming and Bahl, Paramvir},
	Booktitle = {Proceedings of the 8th international conference on Mobile systems, applications, and services},
	Doi = {10.1145/1814433.1814452},
	Isbn = {978-1-60558-985-5},
	Keywords = {3G network, application performance, mobile web browsing, performance comparison, smartphone},
	Location = {San Francisco, California, USA},
	Numpages = {14},
	Pages = {165--178},
	Publisher = {ACM},
	Series = {MobiSys '10},
	Title = {Anatomizing application performance differences on smartphones},
	Url = {http://doi.acm.org/10.1145/1814433.1814452},
	Year = {2010},
	Bdsk-Url-1 = {http://doi.acm.org/10.1145/1814433.1814452},
	Bdsk-Url-2 = {http://dx.doi.org/10.1145/1814433.1814452}}

@inproceedings{Dischinger:2007bg,
	Author = {Dischinger, Marcel and Haeberlen, Andreas and Gummadi, Krishna P and Saroiu, Stefan},
	Booktitle = {IMC '07: Proceedings of the 7th ACM SIGCOMM conference on Internet measurement},
	Month = oct,
	Publisher = {ACM Request Permissions},
	Title = {{Characterizing residential broadband networks}},
	Year = {2007}}

@misc{Ackerman:2009wf,
	Ofauthor = {Ackerman, Nick and Ross, Anderson and Arora, Ashish and de Barros, Augusto Paes and Blum, Renato Opice and Carter, Lynn Robert and Farnsely, Gail and Gercke, Marco and Kannan, Kantnrthik and Krishnan, Sivarama and Lee, Heejo and LongStaff, Tom and Rees, Jacquelyn and Shimeall, Timothy and Spafford, Eugene and Takefuji, Yoshiyasu and Uchida, Katsuya and Versace, Michael and Yuqing, Sun},
	Title = {{Unsecured Economies: Protecting Vital Information }},
	Url = {http://www.cerias.purdue.edu/assets/pdf/mfe_unsec_econ_pr_rpt_fnl_online_012109.pdf},
	Year = {2009},
	Bdsk-Url-1 = {http://www.cerias.purdue.edu/assets/pdf/mfe_unsec_econ_pr_rpt_fnl_online_012109.pdf}}

@techreport{TeiSha02,
	Author = {Teitelbaum, B. and Shalunov, S.},
	Citeulike-Article-Id = {10404477},
	Citeulike-Linkout-0 = {http://qos.internet2.edu/wg/documents-informational/20020503-premium-problems-non-architectural.html},
	Institution = {Internet2},
	Month = may,
	Posted-At = {2012-03-02 11:53:40},
	Priority = {0},
	Title = {{Why Premium IP Service Has Not Deployed (and Probably Never Will) }},
	Url = {http://qos.internet2.edu/wg/documents-informational/20020503-premium-problems-non-architectural.html},
	Year = {2002},
	Bdsk-Url-1 = {http://qos.internet2.edu/wg/documents-informational/20020503-premium-problems-non-architectural.html}}

@inproceedings{Bauer:2011ws,
	Acmid = {2068833},
	Address = {New York, NY, USA},
	Author = {Bauer, Steven and Beverly, Robert and Berger, Arthur},
	Booktitle = {Proceedings of the 2011 ACM SIGCOMM conference on Internet measurement conference},
	Doi = {10.1145/2068816.2068833},
	Isbn = {978-1-4503-1013-0},
	Keywords = {ecn, explicit congestion notification, router-assisted congestion control},
	Location = {Berlin, Germany},
	Numpages = {10},
	Pages = {171--180},
	Publisher = {ACM},
	Series = {IMC '11},
	Title = {Measuring the state of ECN readiness in servers, clients,and routers},
	Url = {http://doi.acm.org/10.1145/2068816.2068833},
	Year = {2011},
	Bdsk-Url-1 = {http://doi.acm.org/10.1145/2068816.2068833},
	Bdsk-Url-2 = {http://dx.doi.org/10.1145/2068816.2068833}}

@inproceedings{Honda:2011ci,
	Author = {Honda, Michio and Nishida, Yoshifumi and Raiciu, Costin and Greenhalgh, Adam and Handley, Mark and Tokuda, Hideyuki},
	Booktitle = {IMC '11: Proceedings of the 2011 ACM SIGCOMM conference on Internet measurement conference},
	Month = nov,
	Publisher = {ACM Request Permissions},
	Title = {{Is it still possible to extend TCP?}},
	Year = {2011}}

@unpublished{Kobayashi:vn,
	Author = {Kobayashi, Masayoshi and Seetharaman, Srini and Parulkar, Guru and Appenzeller, Guido and Little, Joseph and van Reijendam, Johan and Weissmann, Paul and McKeown, Nick},
	Howpublished = {\url{http://yuba.stanford.edu/openflow/documents/openflow_deployment_journal_paper_aug2012.pdf}},
	Month = aug,
	Title = {{Maturing of OpenFlow and Software Defined Networking through Deployments}},
	Year = 2012}

@misc{internet2,
	Title = {{Internet2}},
	Url = {http://www.internet2.edu/},
	Bdsk-Url-1 = {http://www.internet2.edu/}}

@misc{ofelia,
	Author = {Ofelia},
	Howpublished = {\url{http://www.fp7-ofelia.eu/}},
	Title = {{FP7 Ofelia}},
	Year = 2013}

@misc{lxc,
	Author = {{LXC}},
	Howpublished = {\url{http://lxc.sourceforge.net}},
	Title = {{LXC Linux Containers}},
	Year = 2013}

@misc{cs244,
	Author = {McKeown, Nick and Casado, Martin and Edsall, Tom},
	Howpublished = {\url{http://www.stanford.edu/class/cs244/2012/}},
	Title = {CS244: Advanced Topics in Networking, Spring 2012},
	Year = 2012}

@misc{Weissmann:va,
	Author = {Weissmann, Paul and Seetharaman, Srini},
	Title = {{How mature is OpenFlow to be introduced in production networks}},
	Url = {http://changeofelia.info.ucl.ac.be/pmwiki/uploads/SummerSchool/Program/session_004.pdf},
	Year = 2011,
	Bdsk-Url-1 = {http://changeofelia.info.ucl.ac.be/pmwiki/uploads/SummerSchool/Program/session_004.pdf}}

@misc{pttcp,
	Author = {Pratt, Ian},
	Howpublished = {\url{http://www.cl.cam.ac.uk/research/srg/netos/netx/index.html}},
	Title = {{Pratt's Test TCP}},
	Year = 2002}

@article{Argyraki09,
	Acmid = {1618583},
	Address = {Piscataway, NJ, USA},
	Author = {Argyraki, Katerina and Cheriton, David R.},
	Doi = {10.1109/TNET.2008.2007431},
	Issn = {1063-6692},
	Issue_Date = {August 2009},
	Journal = {IEEE/ACM Trans. Netw.},
	Keywords = {denial-of-service defenses, network-level security and protection, traffic filtering},
	Month = aug,
	Number = {4},
	Numpages = {14},
	Pages = {1284--1297},
	Publisher = {IEEE Press},
	Title = {Scalable network-layer defense against internet bandwidth-flooding attacks},
	Url = {http://dx.doi.org/10.1109/TNET.2008.2007431},
	Volume = {17},
	Year = {2009},
	Bdsk-Url-1 = {http://dx.doi.org/10.1109/TNET.2008.2007431}}

@inproceedings{Pelkey:2011ua,
	Acmid = {2151128},
	Address = {ICST, Brussels, Belgium, Belgium},
	Author = {Pelkey, Joshua and Riley, George},
	Booktitle = {Proceedings of the 4th International ICST Conference on Simulation Tools and Techniques},
	Isbn = {978-1-936968-00-8},
	Keywords = {parallel and distributed discrete event network simulation, scalability},
	Location = {Barcelona, Spain},
	Numpages = {5},
	Pages = {410--414},
	Publisher = {ICST (Institute for Computer Sciences, Social-Informatics and Telecommunications Engineering)},
	Series = {SIMUTools '11},
	Title = {Distributed simulation with MPI in ns-3},
	Url = {http://dl.acm.org/citation.cfm?id=2151054.2151128},
	Year = {2011},
	Bdsk-Url-1 = {http://dl.acm.org/citation.cfm?id=2151054.2151128}}

@techreport{homenetProfiler,
	Author = {Cioccio, Lucas Di and Teixeira, Rennate and Rosenberg, Catherine},
	Institution = {Technicolor},
	Title = {Characterizing home networks with HomeNet Profiler},
	Year = {2011}}

@inproceedings{Yarvis05characterizationof,
	Author = {Mark Yarvis and Konstantina Papagiannaki and W. Steven Conner},
	Booktitle = {In Proceedings of the 1st workshop on Wireless Network Measurements (Winmee)},
	Title = {Characterization of 802.11 wireless networks in the home},
	Year = {2005}}

@manual{x.213,
	Author = {{ISO/IEC}},
	Note = {{ISO/IEC} FCD , ITU-T Recommendation X.213},
	Number = {ISO/IEC FCD 8348, ITU-T X.213},
	Title = {{ISO/IEC FCD 8348, ITU-T Rec. X.213} -- {I}nformation technology -- {O}pen distributed processing -- {U}se of {UML} for {ODP} system specifications},
	Year = 2001}

@manual{x.233,
	Author = {{ISO/IEC}},
	Note = {{ISO/IEC} FCD , ITU-T Recommendation X.233},
	Number = {ISO/IEC FCD 8878, ITU-T X.233},
	Title = {{ISO/IEC FCD 8878, ITU-T Rec. X.233} -- {I}nformation technology -- {O}pen distributed processing -- {U}se of {UML} for {ODP} system specifications},
	Year = 1997}

@article{Siu95,
	Acmid = {210616},
	Address = {New York, NY, USA},
	Author = {Siu, Kai-Yeung and Jain, Raj},
	Doi = {10.1145/210613.210616},
	Issn = {0146-4833},
	Issue_Date = {April 1995},
	Journal = {SIGCOMM Comput. Commun. Rev.},
	Month = apr,
	Number = {2},
	Numpages = {15},
	Pages = {6--20},
	Publisher = {ACM},
	Title = {A brief overview of ATM: protocol layers, LAN emulation, and traffic management},
	Url = {http://doi.acm.org/10.1145/210613.210616},
	Volume = {25},
	Year = {1995},
	Bdsk-Url-1 = {http://doi.acm.org/10.1145/210613.210616},
	Bdsk-Url-2 = {http://dx.doi.org/10.1145/210613.210616}}

@misc{cerf2012,
	Author = {Cerf, Vinton G.},
	Howpublished = {\url{http://www.nytimes.com/2012/01/05/opinion/internet-access-is-not-a-human-right.html}},
	Month = jan,
	Publisher = {{New York Times}},
	Title = {Internet Access Is Not a Human Right},
	Year = 2012}

@inproceedings{Reggani12,
	Acmid = {2238900},
	Address = {Berlin, Heidelberg},
	Author = {Reggani, Ahlem and Schneider, Fabian and Teixeira, Renata},
	Booktitle = {Proceedings of the 13th international conference on Passive and Active Measurement},
	Doi = {10.1007/978-3-642-28537-0_3},
	Isbn = {978-3-642-28536-3},
	Location = {Vienna, Austria},
	Numpages = {11},
	Pages = {21--31},
	Publisher = {Springer-Verlag},
	Series = {PAM'12},
	Title = {An end-host view on local traffic at home and work},
	Url = {http://dx.doi.org/10.1007/978-3-642-28537-0_3},
	Year = {2012},
	Bdsk-Url-1 = {http://dx.doi.org/10.1007/978-3-642-28537-0_3}}

@inproceedings{Kreibich10,
	Acmid = {1879173},
	Address = {New York, NY, USA},
	Author = {Kreibich, Christian and Weaver, Nicholas and Nechaev, Boris and Paxson, Vern},
	Booktitle = {Proceedings of the 10th ACM SIGCOMM conference on Internet measurement},
	Doi = {10.1145/1879141.1879173},
	Isbn = {978-1-4503-0483-2},
	Keywords = {network measurement, network neutrality, network performance, network troubleshooting},
	Location = {Melbourne, Australia},
	Numpages = {14},
	Pages = {246--259},
	Publisher = {ACM},
	Series = {IMC '10},
	Title = {Netalyzr: illuminating the edge network},
	Url = {http://doi.acm.org/10.1145/1879141.1879173},
	Year = {2010},
	Bdsk-Url-1 = {http://doi.acm.org/10.1145/1879141.1879173},
	Bdsk-Url-2 = {http://dx.doi.org/10.1145/1879141.1879173}}

@inproceedings{Hatonen10,
	Acmid = {1879174},
	Address = {New York, NY, USA},
	Author = {{Hatonen, Seppo and Nyrhinen, Aki and Eggert, Lars and Strowes, Stephen and Sarolahti, Pasi and Kojo, Markku}},
	Booktitle = {Proceedings of the 10th ACM SIGCOMM conference on Internet measurement},
	Date-Modified = {2014-03-17 18:12:38 +0000},
	Doi = {10.1145/1879141.1879174},
	Isbn = {978-1-4503-0483-2},
	Keywords = {behavior, characteristics, home gateways, measurements},
	Location = {Melbourne, Australia},
	Numpages = {7},
	Pages = {260--266},
	Publisher = {ACM},
	Series = {IMC '10},
	Title = {An experimental study of home gateway characteristics},
	Url = {http://doi.acm.org/10.1145/1879141.1879174},
	Year = {2010},
	Bdsk-Url-1 = {http://doi.acm.org/10.1145/1879141.1879174},
	Bdsk-Url-2 = {http://dx.doi.org/10.1145/1879141.1879174}}

@article{Dischinger2007,
	Address = {New York, New York, USA},
	Author = {Dischinger, Marcel and Haeberlen, Andreas and Gummadi, Krishna P. and Saroiu, Stefan},
	Doi = {10.1145/1298306.1298313},
	File = {:Users/cr409/Dropbox/Menderley/32ea54ba173ab828ded259138068347b85169cd7.pdf:pdf},
	Isbn = {9781595939081},
	Journal = {Proceedings of the 7th ACM SIGCOMM conference on Internet measurement - IMC '07},
	Keywords = {broadband access networks,cable,dsl,network measure-},
	Pages = {43},
	Publisher = {ACM Press},
	Title = {{Characterizing residential broadband networks}},
	Url = {http://portal.acm.org/citation.cfm?doid=1298306.1298313},
	Year = {2007},
	Bdsk-Url-1 = {http://portal.acm.org/citation.cfm?doid=1298306.1298313},
	Bdsk-Url-2 = {http://dx.doi.org/10.1145/1298306.1298313}}

@misc{fcc,
	Author = {{Federal Communications Commission}},
	Howpublished = {\url{http://www.fcc.gov/measuring-broadband-america/2012/july}},
	Title = {{A Report on Consumer Wireline Broadband Performance in the U.S.}},
	Year = 2012}

@misc{ofcom,
	Author = {{ofcom}},
	Title = {{The Consumer Experience of 2012}},
	Url = {http://stakeholders.ofcom.org.uk/binaries/research/consumer-experience/tce-12/Consumer_Experience_Researc1.pdf},
	Year = 2012,
	Bdsk-Url-1 = {http://stakeholders.ofcom.org.uk/binaries/research/consumer-experience/tce-12/Consumer_Experience_Researc1.pdf}}

@misc{powerboost,
	Author = {DSLreports},
	Howpublished = {\url{http://www.dslreports.com/faq/14520}},
	Month = Jan,
	Title = {What is PowerBoost?},
	Year = 2013}

@article{Sundaresan2011,
	Author = {Sundaresan, Srikanth and de Donato, W},
	File = {:Users/cr409/Dropbox/Menderley/f9e4324d3158525913afc93510aed9039cdb9406.pdf:pdf},
	Isbn = {9781450307970},
	Journal = {SIGCOMM-Computer \ldots},
	Keywords = {access networks,benchmarking,bismark,broadband networks},
	Number = {Section 5},
	Title = {{Broadband internet performance: a view from the gateway}},
	Url = {http://wpage.unina.it/walter.dedonato/pubs/bb\_sigcomm11.pdf},
	Year = {2011},
	Bdsk-Url-1 = {http://wpage.unina.it/walter.dedonato/pubs/bb%5C_sigcomm11.pdf}}

@article{Maier2009,
	Author = {Maier, Gregor and Feldmann, A and Paxson, Vern and Allman, Mark},
	File = {:Users/cr409/Dropbox/Menderley/9fca1d009618689effe8f0696ac9bb9f01ce6545.pdf:pdf},
	Isbn = {9781605587707},
	Journal = {\ldots conference on Internet \ldots},
	Keywords = {application mix,dsl,formance,friends in myriad ways,however,http usage,ing with family and,network measurement,residential broadband traffic,tcp per-,the nature of},
	Title = {{On dominant characteristics of residential broadband internet traffic}},
	Url = {http://dl.acm.org/citation.cfm?id=1644904},
	Year = {2009},
	Bdsk-Url-1 = {http://dl.acm.org/citation.cfm?id=1644904}}

@article{Cho2006,
	Author = {Cho, Kenjiro and Fukuda, Kensuke and Esaki, Hiroshi and Kato, Akira},
	Doi = {10.1145/1151659.1159938},
	Isbn = {1595933085},
	Issn = {01464833},
	Journal = {ACM SIGCOMM Computer Communication Review},
	Month = aug,
	Number = {4},
	Pages = {207},
	Title = {{The impact and implications of the growth in residential user-to-user traffic}},
	Url = {http://portal.acm.org/citation.cfm?doid=1151659.1159938},
	Volume = {36},
	Year = 2006,
	Bdsk-Url-1 = {http://portal.acm.org/citation.cfm?doid=1151659.1159938},
	Bdsk-Url-2 = {http://dx.doi.org/10.1145/1151659.1159938}}

@article{Erman2011,
	Author = {Erman, Jeffrey and Gerber, Alexandre and Sen, Subhabrata},
	File = {:Users/cr409/Dropbox/Menderley/4ee2574cd9d56cb37f21999a19074eeb43b9b949.pdf:pdf},
	Isbn = {9781450301985},
	Journal = {ACM SIGCOMM Computer Communication \ldots},
	Keywords = {consumer devices,home networks,traffic classification},
	Pages = {43--48},
	Title = {{HTTP in the Home : It is not just about PCs}},
	Url = {http://dl.acm.org/citation.cfm?id=1925876},
	Year = {2011},
	Bdsk-Url-1 = {http://dl.acm.org/citation.cfm?id=1925876}}

@article{hahn06,
	Author = {Hahn, Robert W and Wallsten, Scott},
	Journal = {The Economists' Voice},
	Number = {6},
	Title = {The economics of net neutrality},
	Volume = {3},
	Year = {2006}}

@misc{virgin-caps,
	Author = {{Virgin Media}},
	Howpublished = {\url{http://help.virginmedia.com/system/selfservice.controller?CMD=VIEW_ARTICLE&ARTICLE_ID=2781&CURRENT_CMD=SEARCH&CONFIGURATION=1002&PARTITION_ID=1&USERTYPE=1&LANGUAGE=en&COUNTY=us&VM_CUSTOMER_TYPE=Cable}},
	Title = {Virgin Media Cable traffic management policy}}

@misc{bt-caps,
	Author = {{British Telecoms}},
	Howpublished = {\url{http://bt.custhelp.com/app/answers/detail/a_id/10495/~/broadband-usage-policy}},
	Title = {Broadband usage policy},
	Year = 2013}

@misc{canada-subscription,
	Author = {Broadband Canada Program},
	Howpublished = {\url{http://www.ic.gc.ca/eic/site/719.nsf/eng/h_00004.html}},
	Title = {Broadband Canada: Connecting Rural Canadians - Frequently Asked Questions},
	Year = 2013}

@misc{backhaul-cost,
	Author = {Carrier Ethernet News},
	Howpublished = {\url{http://www.carrierethernetnews.com/articles/319137/upgrading-to-bigger-backhaul-bandwidth-for-dslams/}},
	Title = {Upgrading to Bigger Backhaul Bandwidth for DSLAMs},
	Year = 2011}

@misc{sky-oversubscription,
	Author = {Anna Leach},
	Howpublihsed = {\url{http://www.theregister.co.uk/2013/01/22/sky_broadband_adding_customers_first_capacity_after/}},
	Title = {{Greedy Sky admits: We crippled broadband with TOO MANY users}},
	Year = 2013}

@misc{cisco-asr-qos,
	Author = {Cisco},
	Howpublished = {\url{http://www.cisco.com/en/US/prod/collateral/routers/ps9853/data_sheet_c78-501338.html}},
	Title = {Cisco ASR 9000 Series Ethernet Line Cards},
	Year = 2012}

@article{Gringoli09,
	Acmid = {1629610},
	Address = {New York, NY, USA},
	Author = {Gringoli, F. and Salgarelli, Luca and Dusi, M. and Cascarano, N. and Risso, F. and claffy, k. c.},
	Doi = {10.1145/1629607.1629610},
	Issn = {0146-4833},
	Issue_Date = {October 2009},
	Journal = {SIGCOMM Comput. Commun. Rev.},
	Keywords = {application layer, ground truth, transport layer},
	Month = oct,
	Number = {5},
	Numpages = {7},
	Pages = {12--18},
	Publisher = {ACM},
	Title = {GT: picking up the truth from the ground for internet traffic},
	Url = {http://doi.acm.org/10.1145/1629607.1629610},
	Volume = {39},
	Year = {2009},
	Bdsk-Url-1 = {http://doi.acm.org/10.1145/1629607.1629610},
	Bdsk-Url-2 = {http://dx.doi.org/10.1145/1629607.1629610}}

@misc{netfilter,
	Author = {The netfilter.org project},
	Title = {libnetfilter conntrack project},
	Url = {{http://www.netfilter.org/projects/libnetfilter_conntrack/index.html}},
	Year = 2010,
	Bdsk-Url-1 = {%7Bhttp://www.netfilter.org/projects/libnetfilter_conntrack/index.html%7D}}

@misc{win-wfp,
	Author = {Microsoft},
	Title = {Windows Filtering Platform},
	Url = {http://msdn.microsoft.com/en-us/library/windows/desktop/aa366510.aspx},
	Year = 2012,
	Bdsk-Url-1 = {http://msdn.microsoft.com/en-us/library/windows/desktop/aa366510.aspx}}

@inproceedings{Akella2003,
	Acmid = {948219},
	Address = {New York, NY, USA},
	Author = {Akella, Aditya and Seshan, Srinivasan and Shaikh, Anees},
	Booktitle = {Proceedings of the 3rd ACM SIGCOMM conference on Internet measurement},
	Doi = {10.1145/948205.948219},
	Isbn = {1-58113-773-7},
	Location = {Miami Beach, FL, USA},
	Numpages = {14},
	Pages = {101--114},
	Publisher = {ACM},
	Series = {IMC '03},
	Title = {An empirical evaluation of wide-area internet bottlenecks},
	Url = {http://doi.acm.org/10.1145/948205.948219},
	Year = {2003},
	Bdsk-Url-1 = {http://doi.acm.org/10.1145/948205.948219},
	Bdsk-Url-2 = {http://dx.doi.org/10.1145/948205.948219}}

@article{Mazurek2010,
	Author = {Mazurek, ML and Arsenault, JP and Bresee, Joanna},
	File = {:Users/cr409/Dropbox/Menderley/77e8fd62b6e07830859559e4f3a441c09d206233.pdf:pdf},
	Isbn = {9781605589299},
	Journal = {Proceedings of the 28th \ldots},
	Pages = {645--654},
	Title = {{Access control for home data sharing: Attitudes, needs and practices}},
	Url = {http://dl.acm.org/citation.cfm?id=1753421},
	Year = {2010},
	Bdsk-Url-1 = {http://dl.acm.org/citation.cfm?id=1753421}}

@misc{wiki-cloud,
	Title = {Cloud computing, Wikipedia article},
	Url = {http://en.wikipedia.org/wiki/Cloud_computing},
	Bdsk-Url-1 = {http://en.wikipedia.org/wiki/Cloud_computing}}

@article{Krishnamurthy2009,
	Author = {Krishnamurthy, Balachander and Wills, CE},
	File = {:Users/cr409/Dropbox/Menderley/208fc5e8b1826070a90f9a532bb6af0bcd6dbae7.pdf:pdf},
	Journal = {\ldots ACM workshop on Online social networks},
	Keywords = {online social networks,personally identifiable in-,privacy},
	Title = {{On the leakage of personally identifiable information via online social networks}},
	Url = {http://dl.acm.org/citation.cfm?id=1592668},
	Year = {2009},
	Bdsk-Url-1 = {http://dl.acm.org/citation.cfm?id=1592668}}

@inproceedings{Wittie2010,
	Acmid = {1921201},
	Address = {New York, NY, USA},
	Articleno = {25},
	Author = {Wittie, Mike P. and Pejovic, Veljko and Deek, Lara and Almeroth, Kevin C. and Zhao, Ben Y.},
	Booktitle = {Proceedings of the 6th International COnference},
	Doi = {10.1145/1921168.1921201},
	Isbn = {978-1-4503-0448-1},
	Location = {Philadelphia, Pennsylvania},
	Numpages = {12},
	Pages = {25:1--25:12},
	Publisher = {ACM},
	Series = {Co-NEXT '10},
	Title = {Exploiting locality of interest in online social networks},
	Url = {http://doi.acm.org/10.1145/1921168.1921201},
	Year = {2010},
	Bdsk-Url-1 = {http://doi.acm.org/10.1145/1921168.1921201},
	Bdsk-Url-2 = {http://dx.doi.org/10.1145/1921168.1921201}}

@inproceedings{Krishnan2009,
	Acmid = {1644917},
	Address = {New York, NY, USA},
	Author = {Krishnan, Rupa and Madhyastha, Harsha V. and Srinivasan, Sridhar and Jain, Sushant and Krishnamurthy, Arvind and Anderson, Thomas and Gao, Jie},
	Booktitle = {Proceedings of the 9th ACM SIGCOMM conference on Internet measurement conference},
	Doi = {10.1145/1644893.1644917},
	Isbn = {978-1-60558-771-4},
	Keywords = {content distribution networks, latency inflation, network troubleshooting},
	Location = {Chicago, Illinois, USA},
	Numpages = {12},
	Pages = {190--201},
	Publisher = {ACM},
	Series = {IMC '09},
	Title = {Moving beyond end-to-end path information to optimize CDN performance},
	Url = {http://doi.acm.org/10.1145/1644893.1644917},
	Year = {2009},
	Bdsk-Url-1 = {http://doi.acm.org/10.1145/1644893.1644917},
	Bdsk-Url-2 = {http://dx.doi.org/10.1145/1644893.1644917}}

@article{Dholakia:2006vn,
	Author = {Dholakia, Ruby Roy},
	Journal = {The Information Society},
	Number = {4},
	Pages = {231--240},
	Publisher = {Taylor \& Francis},
	Title = {Gender and IT in the household: Evolving patterns of Internet use in the United States},
	Volume = {22},
	Year = {2006}}

@article{stempel2000,
	Author = {Stempel, Guido H and Hargrove, Thomas and Bernt, Joseph P},
	Journal = {Journalism \& Mass Communication Quarterly},
	Number = {1},
	Pages = {71--79},
	Publisher = {SAGE Publications},
	Title = {Relation of growth of use of the Internet to changes in media use from 1995 to 1999},
	Volume = {77},
	Year = {2000}}

@article{Wicker2013,
	Acmid = {2461271},
	Address = {New York, NY, USA},
	Author = {Wicker, Stephen B. and Santoso, Stephanie M.},
	Doi = {10.1145/2461256.2461271},
	Issn = {0001-0782},
	Issue_Date = {June 2013},
	Journal = {Commun. ACM},
	Month = jun,
	Number = {6},
	Numpages = {4},
	Pages = {43--46},
	Publisher = {ACM},
	Title = {Access to the internet is a human right},
	Url = {http://doi.acm.org/10.1145/2461256.2461271},
	Volume = {56},
	Year = {2013},
	Bdsk-Url-1 = {http://doi.acm.org/10.1145/2461256.2461271},
	Bdsk-Url-2 = {http://dx.doi.org/10.1145/2461256.2461271}}

@article{kanan2009unsecured,
	Author = {Kanan, Karthik and Rees, Jackie and Spafford, Eugene},
	Journal = {Red Consultancy for McAfee, Inc},
	Title = {Unsecured Economies: Protecting Vital Information},
	Year = {2009}}

@misc{lwt,
	Author = {{Lwt}},
	Title = {cooperative threads library for OCaml},
	Url = {http://ocsigen.org/lwt/},
	Year = 2013,
	Bdsk-Url-1 = {http://ocsigen.org/lwt/}}

@article{madhavapeddy2013,
  author = {Madhavapeddy, Anil and Mortier, Richard and Rotsos, Charalampos and
    Scott, David and Singh, Balraj and Gazagnaire, Thomas and Smith, Steven and
      Hand, Steven and Crowcroft, Jon},
  title = {Unikernels: Library Operating Systems for the Cloud},
  journal = {SIGPLAN Not.},
  issue_date = {April 2013},
  volume = {48},
  number = {4},
  month = mar,
  year = {2013},
  issn = {0362-1340},
  pages = {461--472},
  numpages = {12},
  url = {http://doi.acm.org/10.1145/2499368.2451167},
  doi = {10.1145/2499368.2451167},
  acmid = {2451167},
  publisher = {ACM},
  address = {New York, NY, USA},
  keywords = {functional programming, hypervisor, microkernel},
} 


@techreport{cai2011,
	Author = {Cai, Z and Cox, AL and Ng, TS Eugene},
	Institution = {Rice University Technical Report TR11-07},
	Title = {Maestro: balancing fairness, latency and throughput in the OpenFlow control plane},
	Year = {2011}}

@article{iperf,
	Author = {Tirumala, Ajay and Qin, Feng and Dugan, Jon and Ferguson, Jim and Gibbs, Kevin},
	Title = {Iperf: The TCP/UDP bandwidth measurement tool},
	Year = {2005}}

@inproceedings{Recordon06,
	Acmid = {1179532},
	Address = {New York, NY, USA},
	Author = {Recordon, David and Reed, Drummond},
	Booktitle = {Proceedings of the second ACM workshop on Digital identity management},
	Doi = {10.1145/1179529.1179532},
	Isbn = {1-59593-547-9},
	Keywords = {authentication, authorization, identity, open source, open standard, user-centric},
	Location = {Alexandria, Virginia, USA},
	Numpages = {6},
	Pages = {11--16},
	Publisher = {ACM},
	Series = {DIM '06},
	Title = {OpenID 2.0: a platform for user-centric identity management},
	Url = {http://doi.acm.org/10.1145/1179529.1179532},
	Year = {2006},
	Bdsk-Url-1 = {http://doi.acm.org/10.1145/1179529.1179532},
	Bdsk-Url-2 = {http://dx.doi.org/10.1145/1179529.1179532}}

@misc{planetlab,
	Author = {{PlanetLab}},
	Title = {{PlanetLab: An open platform for developing, deploying and accessing planetary-scale services}},
	Url = {http://www.planet-lab.org},
	Year = 2007,
	Bdsk-Url-1 = {http://www.planet-lab.org}}

@misc{emulab,
	Author = {Emulab},
	Title = {Emulab: Network Emulation Testbed},
	Url = {http://www.emulab.net},
	Year = 2000,
	Bdsk-Url-1 = {http://www.emulab.net}}

@misc{trie-linux-kernel,
	Author = {Linux Kernel Documentation},
	Howpublished = {\url{http://www.mjmwired.net/kernel/Documentation/networking/fib_trie.txt}},
	Title = {LC-trie implementation notes},
	Year = 2013}

@misc{baremetalOS,
	Author = {{Return Infinity}},
	Howpublished = {\url{http://www.returninfinity.com/baremetal.html}},
	Title = {BareMetalOS},
	Year = 2013}

@misc{cbench,
	Author = {Cbench},
	Title = {Cbench: controller benchmark},
	Url = {http://docs.projectfloodlight.org/display/floodlightcontroller/Cbench},
	Year = 2010,
	Bdsk-Url-1 = {http://docs.projectfloodlight.org/display/floodlightcontroller/Cbench}}

@misc{dag_card,
	Author = {Endace},
	Howpublished = {\url{http://www.endace.com/endace-dag-high-speed-packet-capture-cards.html}},
	Title = {{Endace DAG Cards}},
	Year = 2012}

@inproceedings{Varga2008,
	Acmid = {1416290},
	Address = {ICST, Brussels, Belgium, Belgium},
	Articleno = {60},
	Author = {Varga, Andr\'{a}s and Hornig, Rudolf},
	Booktitle = {Proceedings of the 1st international conference on Simulation tools and techniques for communications, networks and systems \& workshops},
	Isbn = {978-963-9799-20-2},
	Keywords = {computer systems, discrete simulation, hierarchical, integrated development environment, network simulation, performance analysis, simulation tools, telecommunications},
	Location = {Marseille, France},
	Numpages = {10},
	Pages = {60:1--60:10},
	Publisher = {ICST (Institute for Computer Sciences, Social-Informatics and Telecommunications Engineering)},
	Series = {Simutools '08},
	Title = {An overview of the OMNeT++ simulation environment},
	Url = {http://dl.acm.org/citation.cfm?id=1416222.1416290},
	Year = {2008},
	Bdsk-Url-1 = {http://dl.acm.org/citation.cfm?id=1416222.1416290}}

@book{issariyakul2012,
	Author = {Issariyakul, Teerawat},
	Publisher = {Springer Science+ Business Media},
	Title = {Introduction to network simulator NS2},
	Year = {2012}}

@inproceedings{Henderson2006,
	Acmid = {1190468},
	Address = {New York, NY, USA},
	Articleno = {13},
	Author = {Henderson, Thomas R. and Roy, Sumit and Floyd, Sally and Riley, George F.},
	Booktitle = {Proceeding from the 2006 workshop on ns-2: the IP network simulator},
	Doi = {10.1145/1190455.1190468},
	Isbn = {1-59593-508-8},
	Location = {Pisa, Italy},
	Publisher = {ACM},
	Series = {WNS2 '06},
	Title = {ns-3 project goals},
	Url = {http://doi.acm.org/10.1145/1190455.1190468},
	Year = {2006},
	Bdsk-Url-1 = {http://doi.acm.org/10.1145/1190455.1190468},
	Bdsk-Url-2 = {http://dx.doi.org/10.1145/1190455.1190468}}

@article{Gettys2011,
	Acmid = {2071893},
	Address = {New York, NY, USA},
	Articleno = {40},
	Author = {Gettys, Jim and Nichols, Kathleen},
	Doi = {10.1145/2063166.2071893},
	Issn = {1542-7730},
	Issue_Date = {November 2011},
	Journal = {Queue},
	Month = nov,
	Number = {11},
	Numpages = {15},
	Pages = {40:40--40:54},
	Publisher = {ACM},
	Title = {Bufferbloat: Dark Buffers in the Internet},
	Url = {http://doi.acm.org/10.1145/2063166.2071893},
	Volume = {9},
	Year = {2011},
	Bdsk-Url-1 = {http://doi.acm.org/10.1145/2063166.2071893},
	Bdsk-Url-2 = {http://dx.doi.org/10.1145/2063166.2071893}}

@misc{hp-asic,
	Author = {HP},
	Howpublished = {\url{http://www.hp.com/rnd/itmgrnews/built_for_future.htm}},
	Month = jan,
	Title = {ProVision\texttrademark ASIC: Built for the future},
	Year = 2012}

@misc{cisco-routers,
	Author = {Cisco},
	Title = {Catalyst Switch Architecture and Operation},
	Url = {http://www.net130.com/technic/networks2003/RST-2011.pdf},
	Bdsk-Url-1 = {http://www.net130.com/technic/networks2003/RST-2011.pdf}}

@misc{juniper_t_series,
	Author = {Juniper},
	Howpublished = {\url{http://www.slideshare.net/junipernetworks/t-series-core-router-architecture-review-whitepaper}},
	Title = {T SerIeS Core rouTer ArChITeCTure overvIew},
	Year = 2012}

@book{armitage2006networking,
	Author = {Armitage, Grenville and Claypool, Mark and Branch, Philip},
	Publisher = {Wiley. com},
	Title = {Networking and online games: understanding and engineering multiplayer Internet games},
	Year = {2006}}

@techreport{pouwelse2004,
	Author = {Pouwelse, Johan A and Garbacki, Pawel and Epema, D and Sips, Henk J},
	Institution = {Technical Report PDS-2004-003, Delft University of Technology, The Netherlands},
	Title = {A measurement study of the bittorrent peer-to-peer file-sharing system},
	Year = {2004}}

@inproceedings{Rasti07,
	Author = {Rasti, A.H. and Rejaie, R.},
	Booktitle = {Computer Communications and Networks, 2007. ICCCN 2007. Proceedings of 16th International Conference on},
	Doi = {10.1109/ICCCN.2007.4317805},
	Issn = {1095-2055},
	Pages = {109-114},
	Title = {Understanding Peer-level Performance in BitTorrent: A Measurement Study},
	Year = {2007},
	Bdsk-Url-1 = {http://dx.doi.org/10.1109/ICCCN.2007.4317805}}

@inproceedings{Finamore11,
	Acmid = {2068849},
	Address = {New York, NY, USA},
	Author = {Finamore, Alessandro and Mellia, Marco and Munaf\`{o}, Maurizio M. and Torres, Ruben and Rao, Sanjay G.},
	Booktitle = {Proceedings of the 2011 ACM SIGCOMM conference on Internet measurement conference},
	Doi = {10.1145/2068816.2068849},
	Isbn = {978-1-4503-1013-0},
	Keywords = {YouTube, internet measurement, mobile performance, quality of experience, video streaming},
	Location = {Berlin, Germany},
	Numpages = {16},
	Pages = {345--360},
	Publisher = {ACM},
	Series = {IMC '11},
	Title = {YouTube everywhere: impact of device and infrastructure synergies on user experience},
	Url = {http://doi.acm.org/10.1145/2068816.2068849},
	Year = {2011},
	Bdsk-Url-1 = {http://doi.acm.org/10.1145/2068816.2068849},
	Bdsk-Url-2 = {http://dx.doi.org/10.1145/2068816.2068849}}

@inproceedings{Butkiewicz11,
	Acmid = {2068846},
	Address = {New York, NY, USA},
	Author = {Butkiewicz, Michael and Madhyastha, Harsha V. and Sekar, Vyas},
	Booktitle = {Proceedings of the 2011 ACM SIGCOMM conference on Internet measurement conference},
	Doi = {10.1145/2068816.2068846},
	Isbn = {978-1-4503-1013-0},
	Keywords = {page load times, web page complexity},
	Location = {Berlin, Germany},
	Numpages = {16},
	Pages = {313--328},
	Publisher = {ACM},
	Series = {IMC '11},
	Title = {Understanding website complexity: measurements, metrics, and implications},
	Url = {http://doi.acm.org/10.1145/2068816.2068846},
	Year = {2011},
	Bdsk-Url-1 = {http://doi.acm.org/10.1145/2068816.2068846},
	Bdsk-Url-2 = {http://dx.doi.org/10.1145/2068816.2068846}}

@misc{akamai_4_seconds,
	Author = {JupiterResearch and Akamai},
	Howpublished = {\url{http://www.akamai.com/dl/reports/Site_Abandonment_Final_Report.pdf}},
	Month = Jun,
	Title = {RETAIL WEB SITE PERFORMANCE, Consumer Reaction to a Poor Online Shopping Experience},
	Year = 2006}

@misc{cisco_cef,
	Author = {Cisco},
	Howpublished = {\url{http://www.cisco.com/en/US/docs/ios/12_2/switch/configuration/guide/xcfcef.html}},
	Month = may,
	Title = {Cisco Express Forwarding Overview},
	Year = 2005}

@misc{broadcom-asic,
	Author = {Broadcom},
	Title = {Bradcom switching silicon chips},
	Url = {http://www.broadcom.com/products/Switching/Data-Center},
	Year = 2013,
	Bdsk-Url-1 = {http://www.broadcom.com/products/Switching/Data-Center}}

@misc{intel-asic,
	Author = {Intel},
	Title = {Intel Ethernet Switching Components},
	Url = {http://ark.intel.com/products/family/134/Intel-Ethernet-Switching-Components},
	Bdsk-Url-1 = {http://ark.intel.com/products/family/134/Intel-Ethernet-Switching-Components}}

@article{Perlman1985,
	Acmid = {319004},
	Address = {New York, NY, USA},
	Author = {Perlman, Radia},
	Doi = {10.1145/318951.319004},
	Issn = {0146-4833},
	Issue_Date = {Sept. 1985},
	Journal = {SIGCOMM Comput. Commun. Rev.},
	Month = sep,
	Number = {4},
	Numpages = {10},
	Pages = {44--53},
	Publisher = {ACM},
	Title = {An algorithm for distributed computation of a spanningtree in an extended LAN},
	Url = {http://doi.acm.org/10.1145/318951.319004},
	Volume = {15},
	Year = {1985},
	Bdsk-Url-1 = {http://doi.acm.org/10.1145/318951.319004},
	Bdsk-Url-2 = {http://dx.doi.org/10.1145/318951.319004}}

@misc{ieee_802_1d_1998,
	Author = {IEEE},
	Citeulike-Article-Id = {2770163},
	Howpublished = {\url{http://standards.ieee.org/getieee802/download/802.1D-1998.pdf}},
	Title = {{IEEE Std 802.1D-1998: Media Access Control (MAC) Bridges}},
	Year = 1998}

@misc{ieee_802_1d_2004,
	Author = {IEEE},
	Howpublished = {\url{http://standards.ieee.org/getieee802/download/802.1D-2004.pdf}},
	Title = {{IEEE Std 802.1D-2004: Media Access Control (MAC) Bridges}},
	Year = 2004}

@misc{ieee_802_1q,
	Author = {IEEE},
	Howpublished = {\url{http://www.dcs.gla.ac.uk/~lewis/teaching/802.1Q-2005.pdf}},
	Title = {{IEEE Std 802.1Q: Virtual Bridged Local Area Networks}},
	Year = 2005}

@misc{ieee_802_1aq,
	Author = {IEEE},
	Howpublished = {\url{http://www.ieee802.org/1/pages/802.1aq.html}},
	Title = {IEEE 802.1 aq Shortest Path Bridging},
	Year = {2006}}

@misc{ieee_802_1ab,
	Author = {IEEE},
	Howpublished = {\url{http://standards.ieee.org/getieee802/download/802.1AB-2009.pdf}},
	Month = Sep,
	Title = {IEEE 802.1 ab Station and Media Access Control Connectivity Discovery},
	Year = {2009}}

@misc{cdp,
	Author = {Cisco},
	Howpublished = {\url{http://www.cisco.com/en/US/docs/ios-xml/ios/cdp/configuration/15-mt/nm-cdp-discover.html}},
	Month = Nov,
	Title = {Cisco Discovery Protocol Version 2},
	Year = 2012}

@book{osborne02,
	Author = {Osborne, Eric D and Simha, Ajay},
	Publisher = {Cisco Press},
	Title = {Traffic engineering with MPLS},
	Year = {2002}}

@misc{pvst,
	Author = {Cisco},
	Howpublished = {\url{http://www.cisco.com/en/US/tech/tk389/tk621/tk846/tsd_technology_support_sub-protocol_home.html}},
	Title = {{Per VLAN Spanning Tree (PVST)}},
	Year = 2012}

@misc{pvst+,
	Author = {Cisco},
	Howpublished = {\url{http://www.cisco.com/en/US/tech/tk389/tk621/tk847/tsd_technology_support_sub-protocol_home.html}},
	Title = {{Per VLAN Spanning Tree Plus(PVST+)}},
	Year = 2012}

@inproceedings{Pathak2011,
	Acmid = {2068859},
	Address = {New York, NY, USA},
	Author = {Pathak, Abhinav and Zhang, Ming and Hu, Y. Charlie and Mahajan, Ratul and Maltz, Dave},
	Booktitle = {Proceedings of the 2011 ACM SIGCOMM conference on Internet measurement conference},
	Doi = {10.1145/2068816.2068859},
	Isbn = {978-1-4503-1013-0},
	Keywords = {LSP, MLPS, autobandwidth, latency},
	Location = {Berlin, Germany},
	Numpages = {10},
	Pages = {463--472},
	Publisher = {ACM},
	Series = {IMC '11},
	Title = {Latency inflation with MPLS-based traffic engineering},
	Url = {http://doi.acm.org/10.1145/2068816.2068859},
	Year = {2011},
	Bdsk-Url-1 = {http://doi.acm.org/10.1145/2068816.2068859},
	Bdsk-Url-2 = {http://dx.doi.org/10.1145/2068816.2068859}}

@article{Djikstra1959,
	Author = {Dijkstra, E.W.},
	Doi = {10.1007/BF01386390},
	Issn = {0029-599X},
	Journal = {Numerische Mathematik},
	Language = {English},
	Number = {1},
	Pages = {269-271},
	Publisher = {Springer-Verlag},
	Title = {A note on two problems in connexion with graphs},
	Url = {http://dx.doi.org/10.1007/BF01386390},
	Volume = {1},
	Year = {1959},
	Bdsk-Url-1 = {http://dx.doi.org/10.1007/BF01386390}}

@techreport{bellman1956,
	Author = {Bellman, Richard},
	Institution = {DTIC Document},
	Title = {On a routing problem},
	Year = {1956}}

@techreport{Rutgers1991,
	Author = {Rutgers, Charles L.},
	Booktitle = {The State University of New Jersey, Center for Computers and Information Services, Laboratory for Computer Science Research,},
	Institution = {The State University of New Jersey, Center for Computers and Information Services, Laboratory for Computer Science Research,},
	Month = aug,
	Title = {An Introduction to {IGRP}},
	Year = {1991}}

@article{Basu2001,
	Acmid = {383077},
	Address = {New York, NY, USA},
	Author = {Basu, Anindya and Riecke, Jon},
	Doi = {10.1145/964723.383077},
	Issn = {0146-4833},
	Issue_Date = {October 2001},
	Journal = {SIGCOMM Comput. Commun. Rev.},
	Month = aug,
	Number = {4},
	Numpages = {12},
	Pages = {225--236},
	Publisher = {ACM},
	Title = {Stability issues in OSPF routing},
	Url = {http://doi.acm.org/10.1145/964723.383077},
	Volume = {31},
	Year = {2001},
	Bdsk-Url-1 = {http://doi.acm.org/10.1145/964723.383077},
	Bdsk-Url-2 = {http://dx.doi.org/10.1145/964723.383077}}

@inproceedings{Watson2003,
	Acmid = {851939},
	Address = {Washington, DC, USA},
	Author = {Watson, David and Jahanian, Farnam and Labovitz, Craig},
	Booktitle = {Proceedings of the 23rd International Conference on Distributed Computing Systems},
	Isbn = {0-7695-1920-2},
	Pages = {204--},
	Publisher = {IEEE Computer Society},
	Series = {ICDCS '03},
	Title = {Experiences With Monitoring OSPF on a Regional Service Provider Network},
	Url = {http://dl.acm.org/citation.cfm?id=850929.851939},
	Year = {2003},
	Bdsk-Url-1 = {http://dl.acm.org/citation.cfm?id=850929.851939}}

@inproceedings{Kim11,
	Acmid = {2068863},
	Address = {New York, NY, USA},
	Author = {Kim, Hyojoon and Benson, Theophilus and Akella, Aditya and Feamster, Nick},
	Booktitle = {Proceedings of the 2011 ACM SIGCOMM conference on Internet measurement conference},
	Doi = {10.1145/2068816.2068863},
	Isbn = {978-1-4503-1013-0},
	Keywords = {longitudinal analysis, network configuration, network evolution},
	Location = {Berlin, Germany},
	Numpages = {16},
	Pages = {499--514},
	Publisher = {ACM},
	Series = {IMC '11},
	Title = {The evolution of network configuration: a tale of two campuses},
	Url = {http://doi.acm.org/10.1145/2068816.2068863},
	Year = {2011},
	Bdsk-Url-1 = {http://doi.acm.org/10.1145/2068816.2068863},
	Bdsk-Url-2 = {http://dx.doi.org/10.1145/2068816.2068863}}

@article{Kushman2007,
	Acmid = {1232927},
	Address = {New York, NY, USA},
	Author = {Kushman, Nate and Kandula, Srikanth and Katabi, Dina},
	Doi = {10.1145/1232919.1232927},
	Issn = {0146-4833},
	Issue_Date = {April 2007},
	Journal = {SIGCOMM Comput. Commun. Rev.},
	Keywords = {BGP, MOS, PESQ, VoIP, burst losses},
	Month = mar,
	Number = {2},
	Numpages = {10},
	Pages = {75--84},
	Publisher = {ACM},
	Title = {Can you hear me now?!: it must be BGP},
	Url = {http://doi.acm.org/10.1145/1232919.1232927},
	Volume = {37},
	Year = {2007},
	Bdsk-Url-1 = {http://doi.acm.org/10.1145/1232919.1232927},
	Bdsk-Url-2 = {http://dx.doi.org/10.1145/1232919.1232927}}

@misc{bgp_config_error,
	Author = {Brown, Martin A.},
	Howpublished = {\url{http://www.renesys.com/blog/2008/02/pakistan_hijacks_youtube_1.shtml}},
	Title = {{Pakistan hijacks YouTube}},
	Year = 2008}

@article{Rooney1998,
	Author = {Rooney, S. and van der Merwe, J.E. and Crosby, S.A. and Leslie, I.M.},
	Doi = {10.1109/35.722136},
	Issn = {0163-6804},
	Journal = {Communications Magazine, IEEE},
	Number = {10},
	Pages = {42-53},
	Title = {The Tempest: a framework for safe, resource assured, programmable networks},
	Volume = {36},
	Year = {1998},
	Bdsk-Url-1 = {http://dx.doi.org/10.1109/35.722136}}

@inproceedings{Rooney1997,
	Acmid = {280084},
	Address = {London, UK, UK},
	Author = {Rooney, S.},
	Booktitle = {Proceedings of the fifth IFIP/IEEE international symposium on Integrated network management V : integrated management in a virtual world: integrated management in a virtual world},
	Isbn = {0-412-80960-5},
	Keywords = {ATM, delegated control, distributed processing},
	Location = {San Diego, California, USA},
	Numpages = {12},
	Pages = {369--380},
	Publisher = {Chapman \& Hall, Ltd.},
	Title = {The Hollowman: an innovative ATM control architecture},
	Url = {http://dl.acm.org/citation.cfm?id=280039.280084},
	Year = {1997},
	Bdsk-Url-1 = {http://dl.acm.org/citation.cfm?id=280039.280084}}

@misc{dcan,
        key = {DCAN},
	Author = {{DCAN~project}},
	Howpublished = {\url{http://www.cl.cam.ac.uk/research/srg/netos/old-projects/dcan/}},
	Title = {{DCAN - "Devolved Control of ATM Networks"}},
	Year = 2000}

@techreport{UCAM-CL-TR-450,
	Address = {15 JJ Thomson Avenue, Cambridge CB3 0FD, United Kingdom, phone +44 1223 763500},
	Author = {van der Merwe, Jacobus Erasmus},
	Institution = {University of Cambridge, Computer Laboratory},
	Month = nov,
	Number = {UCAM-CL-TR-450},
	Title = {{Open service support for ATM}},
	Year = 1998}

@article{Lewis1998,
	Author = {John T. Lewis and Raymond Russell and Fergal Toomey and Brian McGurk and Simon Crosby and Ian Leslie},
	Doi = {10.1016/S0140-3664(98)00224-2},
	Issn = {0140-3664},
	Journal = {Computer Communications},
	Number = {17},
	Pages = {1585 - 1596},
	Title = {{Practical connection admission control for ATM networks based on on-line measurements}},
	Url = {http://www.sciencedirect.com/science/article/pii/S0140366498002242},
	Volume = {21},
	Year = {1998},
	Bdsk-Url-1 = {http://www.sciencedirect.com/science/article/pii/S0140366498002242},
	Bdsk-Url-2 = {http://dx.doi.org/10.1016/S0140-3664(98)00224-2}}

@article{RFC275,
	Author = {Tennenhouse, David L and Garland, SJ and Shrira, L and Kaashoek, MF},
	Journal = {Request for comments},
	Pages = {277},
	Title = {From internet to activenet},
	Volume = {275},
	Year = {1996}}

@article{Crosby2002,
	Acmid = {774754},
	Address = {New York, NY, USA},
	Author = {Crosby, Simon and Rooney, Sean and Isaacs, Rebecca and Bos, Herbert},
	Doi = {10.1145/774749.774754},
	Issn = {0146-4833},
	Issue_Date = {November 2002},
	Journal = {SIGCOMM Comput. Commun. Rev.},
	Month = nov,
	Number = {5},
	Numpages = {4},
	Pages = {25--28},
	Publisher = {ACM},
	Title = {A perspective on how ATM lost control},
	Url = {http://doi.acm.org/10.1145/774749.774754},
	Volume = {32},
	Year = {2002},
	Bdsk-Url-1 = {http://doi.acm.org/10.1145/774749.774754},
	Bdsk-Url-2 = {http://dx.doi.org/10.1145/774749.774754}}

@article{OMalley1992,
	Acmid = {128901},
	Address = {New York, NY, USA},
	Author = {O'Malley, Sean W. and Peterson, Larry L.},
	Doi = {10.1145/128899.128901},
	Issn = {0734-2071},
	Issue_Date = {May 1992},
	Journal = {ACM Trans. Comput. Syst.},
	Keywords = {composibility, dynamic configuration, reuse},
	Month = may,
	Number = {2},
	Numpages = {34},
	Pages = {110--143},
	Publisher = {ACM},
	Title = {A dynamic network architecture},
	Url = {http://doi.acm.org/10.1145/128899.128901},
	Volume = {10},
	Year = {1992},
	Bdsk-Url-1 = {http://doi.acm.org/10.1145/128899.128901},
	Bdsk-Url-2 = {http://dx.doi.org/10.1145/128899.128901}}

@misc{darpa_active_net,
	Author = {{DARPA}},
	Howpublished = {\url{http://www.sds.lcs.mit.edu/darpa-activenet/}},
	Month = apr,
	Title = {{Active Networks}},
	Year = 1997}

@unpublished{Alexander1997a,
	Author = {Alexander, D Scott and Braden, Bob and Gunter, Carl A and Jackson, Alden W and Keromytis, Angelos D and Minden, Gary J and Wetherall, David},
	Howpublished = {\url{http://www. cis. upenn. edu/switchware/ANEP/docs/ANEP. txt}},
	Note = {Experimental},
	Title = {{Active Network Encapsulation Protocol (ANEP)}},
	Year = {1997}}

@inproceedings{Wetherall1998,
	Author = {Wetherall, D.J. and Guttag, John V. and Tennenhouse, D.L.},
	Booktitle = {Open Architectures and Network Programming, 1998 IEEE},
	Pages = {117-129},
	Title = {ANTS: a toolkit for building and dynamically deploying network protocols},
	Year = {1998}}

@article{Schwartz2000,
	Acmid = {332893},
	Address = {New York, NY, USA},
	Author = {Schwartz, Beverly and Jackson, Alden W. and Strayer, W. Timothy and Zhou, Wenyi and Rockwell, R. Dennis and Partridge, Craig},
	Doi = {10.1145/332799.332893},
	Issn = {0734-2071},
	Issue_Date = {Feb. 2000},
	Journal = {ACM Trans. Comput. Syst.},
	Keywords = {active networks},
	Month = feb,
	Number = {1},
	Numpages = {22},
	Pages = {67--88},
	Publisher = {ACM},
	Title = {Smart packets: applying active networks to network management},
	Url = {http://doi.acm.org/10.1145/332799.332893},
	Volume = {18},
	Year = {2000},
	Bdsk-Url-1 = {http://doi.acm.org/10.1145/332799.332893},
	Bdsk-Url-2 = {http://dx.doi.org/10.1145/332799.332893}}

@article{Hicks1998,
	Acmid = {289431},
	Address = {New York, NY, USA},
	Author = {Hicks, Michael and Kakkar, Pankaj and Moore, Jonathan T. and Gunter, Carl A. and Nettles, Scott},
	Doi = {10.1145/291251.289431},
	Issn = {0362-1340},
	Issue_Date = {Jan. 1999},
	Journal = {SIGPLAN Not.},
	Month = sep,
	Number = {1},
	Numpages = {8},
	Pages = {86--93},
	Publisher = {ACM},
	Title = {PLAN: a packet language for active networks},
	Url = {http://doi.acm.org/10.1145/291251.289431},
	Volume = {34},
	Year = {1998},
	Bdsk-Url-1 = {http://doi.acm.org/10.1145/291251.289431},
	Bdsk-Url-2 = {http://dx.doi.org/10.1145/291251.289431}}

@techreport{van1997,
	Author = {Van Renesse, Robbert and Birman, Ken and Hayden, Mark and Vaysburd, Alexey and Karr, David},
	Institution = {Cornell University},
	Title = {Building adaptive systems using Ensemble},
	Year = {1997}}

@article{Alexander1998c,
	Author = {Alexander, D.S. and Arbaugh, W.A. and Keromytis, A.D. and Smith, J.M.},
	Journal = {Network, IEEE},
	Number = {3},
	Pages = {37-45},
	Title = {A secure active network environment architecture: realization in SwitchWare},
	Volume = {12},
	Year = {1998}}

@inproceedings{merugu1999,
	Author = {Merugu, S and Bhattacharjee, S and Chae, Y and Sanders, M and Calvert, K and Zegura, E},
	Booktitle = {PROCEEDINGS OF THE ANNUAL ALLERTON CONFERENCE ON COMMUNICATION CONTROL AND COMPUTING},
	Organization = {Citeseer},
	Pages = {147--156},
	Title = {Bowman and CANEs: Implementation of an active network},
	Volume = {37},
	Year = {1999}}

@techreport{hartman1996,
	Author = {Hartman, John and Manber, Udi and Peterson, Larry and Proebsting, Todd},
	Institution = {Technical Report 96-11, University of Arizona},
	Title = {Liquid software: A new paradigm for networked systems},
	Year = {1996}}

@article{Alexander1998,
	Acmid = {2329247},
	Address = {Piscataway, NJ, USA},
	Author = {Alexander, D. S. and Arbaugh, W. A. and Hicks, M. W. and Kakkar, P. and Keromytis, A. D. and Moore, J. T. and Gunter, C. A. and Nettles, S. M. and Smith, J. M.},
	Doi = {10.1109/65.690959},
	Issn = {0890-8044},
	Issue_Date = {May 1998},
	Journal = {Netwrk. Mag. of Global Internetwkg.},
	Month = may,
	Number = {3},
	Numpages = {8},
	Pages = {29--36},
	Publisher = {IEEE Press},
	Title = {The SwitchWare active network architecture},
	Url = {http://dx.doi.org/10.1109/65.690959},
	Volume = {12},
	Year = {1998},
	Bdsk-Url-1 = {http://dx.doi.org/10.1109/65.690959}}

@article{Alexander1998b,
	Author = {Alexander, D.S. and Arbaugh, W.A. and Keromytis, A.D. and Smith, J.M.},
	Doi = {10.1109/35.722141},
	Issn = {0163-6804},
	Journal = {Communications Magazine, IEEE},
	Number = {10},
	Pages = {84-92},
	Title = {Safety and security of programmable network infrastructures},
	Volume = {36},
	Year = {1998},
	Bdsk-Url-1 = {http://dx.doi.org/10.1109/35.722141}}

@inproceedings{Hicks1999,
	Author = {Hicks, M. and Moore, J.T. and Alexander, D.S. and Gunter, C.A. and Nettles, S.M.},
	Booktitle = {INFOCOM '99. Eighteenth Annual Joint Conference of the IEEE Computer and Communications Societies. Proceedings. IEEE},
	Doi = {10.1109/INFCOM.1999.751668},
	Issn = {0743-166X},
	Pages = {1124-1133 vol.3},
	Title = {PLANet: an active internetwork},
	Volume = {3},
	Year = {1999},
	Bdsk-Url-1 = {http://dx.doi.org/10.1109/INFCOM.1999.751668}}

@inproceedings{Alexander1997b,
	Acmid = {263149},
	Address = {New York, NY, USA},
	Author = {Alexander, D. Scott and Shaw, Marianne and Nettles, Scott M. and Smith, Jonathan M.},
	Booktitle = {Proceedings of the ACM SIGCOMM '97 conference on Applications, technologies, architectures, and protocols for computer communication},
	Doi = {10.1145/263105.263149},
	Isbn = {0-89791-905-X},
	Location = {Cannes, France},
	Numpages = {11},
	Pages = {101--111},
	Publisher = {ACM},
	Series = {SIGCOMM '97},
	Title = {Active bridging},
	Url = {http://doi.acm.org/10.1145/263105.263149},
	Year = {1997},
	Bdsk-Url-1 = {http://doi.acm.org/10.1145/263105.263149},
	Bdsk-Url-2 = {http://dx.doi.org/10.1145/263105.263149}}

@inproceedings{Chae2002,
	Acmid = {874134},
	Address = {Washington, DC, USA},
	Author = {Chae, Y. and Zegura, E.},
	Booktitle = {Proceedings of the 2002 DARPA Active Networks Conference and Exposition},
	Isbn = {0-7695-1564-9},
	Pages = {255--},
	Publisher = {IEEE Computer Society},
	Series = {DANCE '02},
	Title = {CANEs: An Execution Environment for Composable Services},
	Url = {http://dl.acm.org/citation.cfm?id=874028.874134},
	Year = {2002},
	Bdsk-Url-1 = {http://dl.acm.org/citation.cfm?id=874028.874134}}

@inproceedings{Montz1995,
	Author = {Montz, A.B. and Mosberger, D. and O'Mally, S.W. and Peterson, L.L. and Proebsting, T.A.},
	Booktitle = {Hot Topics in Operating Systems, 1995. (HotOS-V), Proceedings., Fifth Workshop on},
	Doi = {10.1109/HOTOS.1995.513455},
	Pages = {58-61},
	Title = {Scout: a communications-oriented operating system},
	Year = {1995},
	Bdsk-Url-1 = {http://dx.doi.org/10.1109/HOTOS.1995.513455}}

@article{Hartman1999,
	Author = {Hartman, J.J. and Bigot, P.A. and Bridges, P. and Montz, B. and Piltz, R. and Spatscheck, O. and Proebsting, T.A. and Peterson, L.L. and Bavier, A.},
	Doi = {10.1109/2.755005},
	Issn = {0018-9162},
	Journal = {Computer},
	Number = {4},
	Pages = {50-56},
	Title = {Joust: a platform for liquid software},
	Volume = {32},
	Year = {1999},
	Bdsk-Url-1 = {http://dx.doi.org/10.1109/2.755005}}

@article{daSilva2001,
	Author = {da Silva, S. and Yemini, Y. and Florissi, D.},
	Doi = {10.1109/49.917713},
	Issn = {0733-8716},
	Journal = {Selected Areas in Communications, IEEE Journal on},
	Number = {3},
	Pages = {538-551},
	Title = {The NetScript active network system},
	Volume = {19},
	Year = {2001},
	Bdsk-Url-1 = {http://dx.doi.org/10.1109/49.917713}}

@article{Decasper1999,
	Author = {Decasper, D.S. and Plattner, B. and Parulkar, G.M. and Sumi Choi and DeHart, J.D. and Wolf, T.},
	Doi = {10.1109/65.750445},
	Issn = {0890-8044},
	Journal = {Network, IEEE},
	Number = {1},
	Pages = {8-19},
	Title = {A scalable high-performance active network node},
	Volume = {13},
	Year = {1999},
	Bdsk-Url-1 = {http://dx.doi.org/10.1109/65.750445}}

@inproceedings{Al-Fares08,
	Acmid = {1402967},
	Address = {New York, NY, USA},
	Author = {Al-Fares, Mohammad and Loukissas, Alexander and Vahdat, Amin},
	Booktitle = {Proceedings of the ACM SIGCOMM 2008 conference on Data communication},
	Doi = {10.1145/1402958.1402967},
	Isbn = {978-1-60558-175-0},
	Keywords = {data center topology, equal-cost routing},
	Location = {Seattle, WA, USA},
	Numpages = {12},
	Pages = {63--74},
	Publisher = {ACM},
	Series = {SIGCOMM '08},
	Title = {A scalable, commodity data center network architecture},
	Url = {http://doi.acm.org/10.1145/1402958.1402967},
	Year = {2008},
	Bdsk-Url-1 = {http://doi.acm.org/10.1145/1402958.1402967},
	Bdsk-Url-2 = {http://dx.doi.org/10.1145/1402958.1402967}}

@misc{sdn,
	Author = {Open~Network~Foundations},
	Howpublished = {\url{https://www.opennetworking.org/images/stories/downloads/sdn-resources/white-papers/wp-sdn-newnorm.pdf}},
	Year = 2012}

@misc{of_consortium,
	Author = {{OpenFlow Consortium}},
	Howpublished = {\url{http://www.openflow.org}},
	Title = {{OpenFlow - Enabling Innovation in Your Network}},
	Year = {2009}}

@misc{google_of,
	Author = {{Google}},
	Howpublished = {\url{http://www.opennetsummit.org/archives/apr12/hoelzle-tue-openflow.pdf}},
	Title = {{OpenFlow @ Google}},
	Year = 2013}

@inproceedings{Jarschel2012,
	Author = {Jarschel, M. and Lehrieder, F. and Magyari, Z. and Pries, R.},
	Booktitle = {Software Defined Networking (EWSDN), 2012 European Workshop on},
	Doi = {10.1109/EWSDN.2012.15},
	Pages = {48-53},
	Title = {A Flexible OpenFlow-Controller Benchmark},
	Year = {2012},
	Bdsk-Url-1 = {http://dx.doi.org/10.1109/EWSDN.2012.15}}

@misc{cisco-mii,
	Author = {Chu, Yi-Chin},
	Howpublished = {\url{ftp://ftp-eng.cisco.com/smii/sgmii.pdf}},
	Title = {Serial-GMII Specification},
	Year = 2005}

@misc{floodlight,
	Author = {Big Switch},
	Howpublished = {\url{http://www.projectfloodlight.org/floodlight/}},
	Title = {{Floodlight OpenFlow Controller}},
	Year = 2013}

@misc{nodeflow,
	Author = {Berger, Gary},
	Howpublished = {\url{http://garyberger.net/?p=537}},
	Title = {{NodeFlow: An OpenFlow Controller Node Style}},
	Year = 2012}

@misc{trema,
	Author = {Trema},
	Howpublished = {{http://trema.github.io/trema/}},
	Title = {{Trema: Full-Stack OpenFlow Framework in Ruby and C}},
	Year = 2011}

@techreport{nettle,
	Author = {Voellmy, Andreas and Agarwal, Ashish and Hudak, Paul},
	Institution = {Yale University},
	Month = {July},
	Number = {YALEU/DCS/RR-1431},
	Title = {Nettle: Functional Reactive Programming for OpenFlow Networks},
	Year = {2010}}

@misc{pox,
	Author = {Pox},
	Howpublished = {\url{http://www.noxrepo.org/pox/about-pox/}},
	Title = {About Pox},
	Year = 2012}

@inproceedings{voellmy11,
	Acmid = {1946339},
	Address = {Berlin, Heidelberg},
	Author = {Voellmy, Andreas and Hudak, Paul},
	Booktitle = {Proceedings of the 13th international conference on Practical aspects of declarative languages},
	Isbn = {978-3-642-18377-5},
	Location = {Austin, TX, USA},
	Numpages = {15},
	Pages = {235--249},
	Publisher = {Springer-Verlag},
	Series = {PADL'11},
	Title = {Nettle: taking the sting out of programming network routers},
	Url = {http://dl.acm.org/citation.cfm?id=1946313.1946339},
	Year = {2011},
	Bdsk-Url-1 = {http://dl.acm.org/citation.cfm?id=1946313.1946339}}

@misc{mul,
	Author = {Dipjyoti Saikia},
	Howpublished = {\url{http://sourceforge.net/projects/mul/}},
	Mon = Feb,
	Title = {{Mul OpenFlow controller}},
	Year = 2013}

@misc{xapi,
	Author = {{Xen Project}},
	Howpublished = {\url{http://www.xenproject.org/developers/teams/xapi.html}},
	Title = {{XAPI}},
        year=2013,}

@article{Barham2003,
  author = {Barham, Paul and Dragovic, Boris and Fraser, Keir and Hand, Steven
    and Harris, Tim and Ho, Alex and Neugebauer, Rolf and Pratt, Ian and
      Warfield, Andrew},
  title = {Xen and the Art of Virtualization},
  journal = {SIGOPS Oper. Syst. Rev.},
  issue_date = {December 2003},
  volume = {37},
  number = {5},
  month = oct,
  year = {2003},
  issn = {0163-5980},
  pages = {164--177},
  numpages = {14},
  url = {http://doi.acm.org/10.1145/1165389.945462},
  doi = {10.1145/1165389.945462},
  acmid = {945462},
  publisher = {ACM},
  address = {New York, NY, USA},
} 

@misc{beacon-facebook,
	Author = {Juan Carlos Perez, IDG News Service},
	Howpublished = {\url{http://www.pcworld.com/article/140182/article.html}},
	Month = nov,
	Title = {Facebook's Beacon More Intrusive Than Previously Thought},
	Year = 2007}

@misc{facebook-nsa,
	Author = {Greenwald, Glenn and MacAskill, Ewen},
	Howpublished = {\url{http://www.guardian.co.uk/world/2013/jun/06/us-tech-giants-nsa-data}},
	Month = Jun,
	Title = {NSA Prism program taps in to user data of Apple, Google and others},
	Year = 2013}

@misc{cnet-dropbox,
	Author = {Declan McCullagh, CNET News},
	Howpublished = {\url{http://cnet.co/kvVbpz}},
	Mon = Jun,
	Title = {Dropbox confirms security glitch--no password required},
	Year = 2011}

@misc{tuntap,
	Author = {Maxim Krasnyansky and Maksim Yevmenkin and Florian Thiel},
	Howpublished = {\url{https://www.kernel.org/doc/Documentation/networking/tuntap.txt}},
	Title = {Universal TUN/TAP device driver},
	Year = 2002}

@misc{privoxy,
	Author = {Privoxy},
	Howpublished = {\url{http://privoxy.org}},
	Title = {Privoxy - Home Page},
	Year = 2013}

@article{dingledine2006,
	Author = {Dingledine, Roger and Mathewson, Nick},
	Journal = {The Tor Project, Technical Report},
	Pages = {15--16},
	Title = {Design of a blocking-resistant anonymity system},
	Volume = {11},
	Year = {2006}}

@misc{koponen12,
	Author = {Koponen, Teemu},
	Howpublished = {\url{https://sites.google.com/a/ancsconf.org/2012/downloads/Koponen\%20ANCS\%202012\%20keynote.pdf}},
	Title = {{Software is the Future of Networking}},
	Year = 2012}

@misc{wikiperf,
	Author = {Wikipedia},
	Howpublished = {\url{http://en.wikipedia.org/wiki/Network_performance}},
	Title = {{Network performance}},
	Year = 2014}

@misc{git-annex,
	Howpublished = {\url{http://git-annex.branchable.com}},
	Title = {{git-annex}},
	Year = 2013}

@article{katz2011,
	Author = {Katz, Raul},
	Howpublished = {\url{http://www.itu.int/ITU-D/treg/broadband/ITU-BB-Reports_Impact-of-Broadband-on-the-Economy.pdf}},
	Journal = {Trends in Telecommunication reform 2010},
	Pages = {23--82},
	Title = {The impact of broadband on the economy: Research to date and policy issues},
	Volume = {11},
	Year = {2011}}

@inproceedings{Caesar2005,
	Acmid = {1251205},
	Address = {Berkeley, CA, USA},
	Author = {Caesar, Matthew and Caldwell, Donald and Feamster, Nick and Rexford, Jennifer and Shaikh, Aman and van der Merwe, Jacobus},
	Booktitle = {Proceedings of the 2Nd Conference on Symposium on Networked Systems Design \& Implementation - Volume 2},
	Numpages = {14},
	Pages = {15--28},
	Publisher = {USENIX Association},
	Series = {NSDI'05},
	Title = {Design and Implementation of a Routing Control Platform},
	Url = {http://dl.acm.org/citation.cfm?id=1251203.1251205},
	Year = {2005},
	Bdsk-Url-1 = {http://dl.acm.org/citation.cfm?id=1251203.1251205}}

@article{Vahdat2002,
	Acmid = {844154},
	Address = {New York, NY, USA},
	Author = {Vahdat, Amin and Yocum, Ken and Walsh, Kevin and Mahadevan, Priya and Kosti\'{c}, Dejan and Chase, Jeff and Becker, David},
	Doi = {10.1145/844128.844154},
	Issn = {0163-5980},
	Issue_Date = {Winter 2002},
	Journal = {SIGOPS Oper. Syst. Rev.},
	Month = dec,
	Number = {SI},
	Numpages = {14},
	Pages = {271--284},
	Publisher = {ACM},
	Title = {Scalability and Accuracy in a Large-scale Network Emulator},
	Url = {http://doi.acm.org/10.1145/844128.844154},
	Volume = {36},
	Year = {2002},
	Bdsk-Url-1 = {http://doi.acm.org/10.1145/844128.844154},
	Bdsk-Url-2 = {http://dx.doi.org/10.1145/844128.844154}}

@inproceedings{Puljiz06,
	Author = {Puljiz, Z. and Mikuc, M.},
	Booktitle = {Software in Telecommunications and Computer Networks, 2006. SoftCOM 2006. International Conference on},
	Month = {Sept},
	Title = {IMUNES Based Distributed Network Emulator},
	Year = {2006}}

@article{Gupta2011,
	Acmid = {1963560},
	Address = {New York, NY, USA},
	Articleno = {4},
	Author = {Gupta, Diwaker and Vishwanath, Kashi Venkatesh and McNett, Marvin and Vahdat, Amin and Yocum, Ken and Snoeren, Alex and Voelker, Geoffrey M.},
	Doi = {10.1145/1963559.1963560},
	Issn = {0734-2071},
	Issue_Date = {May 2011},
	Journal = {ACM Trans. Comput. Syst.},
	Keywords = {Virtualization, Xen, network emulation},
	Month = may,
	Number = {2},
	Numpages = {48},
	Pages = {4:1--4:48},
	Publisher = {ACM},
	Title = {DieCast: Testing Distributed Systems with an Accurate Scale Model},
	Url = {http://doi.acm.org/10.1145/1963559.1963560},
	Volume = {29},
	Year = {2011},
	Bdsk-Url-1 = {http://doi.acm.org/10.1145/1963559.1963560},
	Bdsk-Url-2 = {http://dx.doi.org/10.1145/1963559.1963560}}

@inproceedings{Barford1998,
	Acmid = {277897},
	Address = {New York, NY, USA},
	Author = {Barford, Paul and Crovella, Mark},
	Booktitle = {Proceedings of the 1998 ACM SIGMETRICS Joint International Conference on Measurement and Modeling of Computer Systems},
	Doi = {10.1145/277851.277897},
	Isbn = {0-89791-982-3},
	Location = {Madison, Wisconsin, USA},
	Numpages = {10},
	Pages = {151--160},
	Publisher = {ACM},
	Series = {SIGMETRICS '98/PERFORMANCE '98},
	Title = {Generating Representative Web Workloads for Network and Server Performance Evaluation},
	Url = {http://doi.acm.org/10.1145/277851.277897},
	Year = {1998},
	Bdsk-Url-1 = {http://doi.acm.org/10.1145/277851.277897},
	Bdsk-Url-2 = {http://dx.doi.org/10.1145/277851.277897}}

@inproceedings{Lang2004,
	Acmid = {1067373},
	Address = {New York, NY, USA},
	Author = {Lang, Tanja and Branch, Philip and Armitage, Grenville},
	Booktitle = {Proceedings of the 2004 ACM SIGCHI International Conference on Advances in Computer Entertainment Technology},
	Doi = {10.1145/1067343.1067373},
	Isbn = {1-58113-882-2},
	Keywords = {Quake 3, internet, modeling, simulation, traffic},
	Location = {Singapore},
	Numpages = {6},
	Pages = {233--238},
	Publisher = {ACM},
	Series = {ACE '04},
	Title = {A Synthetic Traffic Model for Quake3},
	Url = {http://doi.acm.org/10.1145/1067343.1067373},
	Year = {2004},
	Bdsk-Url-1 = {http://doi.acm.org/10.1145/1067343.1067373},
	Bdsk-Url-2 = {http://dx.doi.org/10.1145/1067343.1067373}}

@MISC{DNSPoisonning,
  title={{Vulnerability Note VU800113: Multiple DNS implementations vulnerable
    to cache poisoning}},
  author = {Computer emergency response team}, 
  howpublished = {\url{http://www.kb.cert.org/vuls/id/800113}},
  Year={2008},
  month = Jul,
}

@misc{jsonrpc,
  title={Json-rpc 2.0 specification},
  author={JSON-RPC Working Group and others},
  year={2012},
  howpublished={\url{http://www.jsonrpc.org/specification}},
}

@misc{vtun,
  title={{VTun - virtual Tunnels over TCP/IP networks}},
  author={{VTun}},
  year=2012,
  howpublished={\url{http://vtun.sourceforge.net}},
}

@misc{openvpn,
  key={OpenVPN},
  title={OpenVPN},
  howpublished={\url{http://openvpn.net}},
  year=2014,
}

@misc{iodine,
  key=iodine,
  title={{iodine (IP-over-DNS, IPv4 over DNS tunnel)}},
  year=2014,
  howpublished={\url{http://code.kryo.se/iodine/}},
}


@misc{ec2instances,
  key={Amazon}, 
  title={{Amazon EC2 Instances}},
  howpublished={\url{http://aws.amazon.com/ec2/instance-types/}},
  year=2014,
}

@article{Dukkipati2006,
  author = {Dukkipati, Nandita and McKeown, Nick},
  title = {Why Flow-completion Time is the Right Metric for Congestion
    Control},
  journal = {SIGCOMM Comput. Commun. Rev.},
  issue_date = {January 2006},
  volume = {36},
  number = {1},
  month = jan,
  year = {2006},
  issn = {0146-4833},
  pages = {59--62},
  numpages = {4},
  url = {http://doi.acm.org/10.1145/1111322.1111336},
  doi = {10.1145/1111322.1111336},
  acmid = {1111336},
  publisher = {ACM},
  address = {New York, NY, USA},
} 
@book{peterson2011,
  title={Computer Networks: A Systems Approach},
  author={Peterson, L.L. and Davie, B.S.},
  isbn={9780123850607},
  series={The Morgan Kaufmann Series in Networking},
  url={http://books.google.co.uk/books?id=BvaFreun1W8C},
  year={2011},
  publisher={Elsevier Science}
}

@techreport{Cheng13,
  author={ Cheng, Y. and Chu, J. and Radhakrishnan, S. and Jain, A.},
  title={{TCP Fast Open}},
  type={Internet-Draft},
  number={draft-ietf-tcpm-fastopen-05.txt},
  institution={IETF},
  day=24,
  month=Oct,
  year=2013
}

@inproceedings{Liu2011,
  author = {Liu, Yabing and Gummadi, Krishna P. and Krishnamurthy, Balachander
    and Mislove, Alan},
  title = {Analyzing Facebook Privacy Settings: User Expectations vs.
    Reality},
  booktitle = {Proceedings of the 2011 ACM SIGCOMM Conference on Internet
    Measurement Conference},
  series = {IMC '11},
  year = {2011},
  isbn = {978-1-4503-1013-0},
  location = {Berlin, Germany},
  pages = {61--70},
  numpages = {10},
  url = {http://doi.acm.org/10.1145/2068816.2068823},
  doi = {10.1145/2068816.2068823},
  acmid = {2068823},
  publisher = {ACM},
  address = {New York, NY, USA},
  keywords = {facebook, measurement, online social networks,
    privacy},
} 
@incollection{milner2001,
  year={2001},
    isbn={978-3-540-42497-0},
    booktitle={CONCUR 2001 ‚Äî Concurrency Theory},
    volume={2154},
    series={Lecture Notes in Computer Science},
    editor={Larsen, KimG. and Nielsen, Mogens},
    doi={10.1007/3-540-44685-0_2},
    title={Bigraphical Reactive Systems},
    url={http://dx.doi.org/10.1007/3-540-44685-0_2},
    publisher={Springer Berlin Heidelberg},
    author={Milner, Robin},
    pages={16-35},
    language={English}
}
