%% This BibTeX bibliography file was created using BibDesk.
%% http://bibdesk.sourceforge.net/


%% Created for Haris Rotsos at 2014-05-28 17:31:48 +0100 


%% Saved with string encoding Unicode (UTF-8) 

@inproceedings{Rodden04,
	Acmid = {1013127},
	Address = {New York, NY, USA},
	Author = {Rodden, T. and Crabtree, A. and Hemmings, T. and Koleva, B. and Humble, J. and Akesson, K.~P. and Hansson, P.},
	Booktitle = {Proceedings of the 5th Conference on Designing Interactive Systems: Processes, Practices, Methods, and Techniques},
	Date-Added = {2014-05-28 16:25:18 +0000},
	Date-Modified = {2014-05-28 16:31:40 +0000},
	Doi = {10.1145/1013115.1013127},
	Isbn = {1-58113-787-7},
	Keywords = {component model, domestic environment, ethnography, ubiquitous computing, user participation},
	Location = {Cambridge, MA, USA},
	Numpages = {10},
	Pages = {71--80},
	Publisher = {ACM},
	Series = {DIS '04},
	Title = {{Between the Dazzle of a New Building and Its Eventual Corpse: Assembling the Ubiquitous Home}},
	Url = {http://doi.acm.org/10.1145/1013115.1013127},
	Year = {2004},
	Bdsk-Url-1 = {http://doi.acm.org/10.1145/1013115.1013127},
	Bdsk-Url-2 = {http://dx.doi.org/10.1145/1013115.1013127}}

@article{atzori2010,
	Author = {Luigi A. and Antonio I. and Giacomo M.},
	Date-Added = {2014-03-17 18:14:06 +0000},
	Date-Modified = {2014-03-17 18:14:30 +0000},
	Doi = {http://dx.doi.org/10.1016/j.comnet.2010.05.010},
	Issn = {1389-1286},
	Journal = {Computer Networks},
	Keywords = {RFID systems},
	Number = {15},
	Pages = {2787 - 2805},
	Title = {{The Internet of Things: A survey}},
	Url = {http://www.sciencedirect.com/science/article/pii/S1389128610001568},
	Volume = {54},
	Year = {2010},
	Bdsk-Url-1 = {http://www.sciencedirect.com/science/article/pii/S1389128610001568},
	Bdsk-Url-2 = {http://dx.doi.org/10.1016/j.comnet.2010.05.010}}

@article{arasu05:_cql,
	Acmid = {1146463},
	Address = {Secaucus, NJ, USA},
	Author = {Arasu, A. and Babu, S. and Widom, J.},
	Doi = {10.1007/s00778-004-0147-z},
	Issn = {1066-8888},
	Issue_Date = {June 2006},
	Journal = {The VLDB Journal},
	Keywords = {Continuous queries, Data streams, Query language, Query processing},
	Month = jun,
	Number = {2},
	Numpages = {22},
	Pages = {121--142},
	Publisher = {Springer-Verlag New York, Inc.},
	Title = {The {CQL} continuous query language: semantic foundations and query execution},
	Url = {http://dx.doi.org/10.1007/s00778-004-0147-z},
	Volume = {15},
	Year = {2006},
	Bdsk-Url-1 = {http://dx.doi.org/10.1007/s00778-004-0147-z}}

@article{gupta01,
	Author = {Gupta, P. and McKeown, N.},
	Doi = {10.1109/65.912717},
	Issn = {0890-8044},
	Journal = {Network, IEEE},
	Number = {2},
	Pages = {24-32},
	Title = {{Algorithms for packet classification}},
	Volume = {15},
	Year = {2001},
	Bdsk-Url-1 = {http://dx.doi.org/10.1109/65.912717}}

@inproceedings{canini12,
	Acmid = {2228312},
	Address = {Berkeley, CA, USA},
	Author = {Canini, M. and Venzano, D. and Pere\v{s}\'{\i}ni, P. and Kosti\'{c}, D. and Rexford, J.},
	Booktitle = {Proceedings of the 9th USENIX conference on Networked Systems Design and Implementation},
	Location = {San Jose, CA},
	Numpages = {1},
	Pages = {10--10},
	Publisher = {USENIX Association},
	Series = {NSDI'12},
	Title = {{A NICE way to test openflow applications}},
	Url = {http://dl.acm.org/citation.cfm?id=2228298.2228312},
	Year = {2012},
	Bdsk-Url-1 = {http://dl.acm.org/citation.cfm?id=2228298.2228312}}

@inproceedings{handigol12b,
	Acmid = {2342453},
	Address = {New York, NY, USA},
	Author = {Handigol, N. and Heller, B. and Jeyakumar, V. and Mazi{\'e}res, D. and McKeown, N.},
	Booktitle = {Proceedings of the 1st workshop on Hot topics in software defined networks},
	Doi = {10.1145/2342441.2342453},
	Isbn = {978-1-4503-1477-0},
	Keywords = {interactive, network debugging, software-defined networks},
	Location = {Helsinki, Finland},
	Numpages = {6},
	Pages = {55--60},
	Publisher = {ACM},
	Series = {HotSDN '12},
	Title = {Where is the debugger for my software-defined network?},
	Url = {http://doi.acm.org/10.1145/2342441.2342453},
	Year = {2012},
	Bdsk-Url-1 = {http://doi.acm.org/10.1145/2342441.2342453},
	Bdsk-Url-2 = {http://dx.doi.org/10.1145/2342441.2342453}}

@article{dean13,
	Acmid = {2408794},
	Address = {New York, NY, USA},
	Author = {Dean, J. and Barroso, L.~A.},
	Doi = {10.1145/2408776.2408794},
	Issn = {0001-0782},
	Issue_Date = {February 2013},
	Journal = {Commun. ACM},
	Month = feb,
	Number = {2},
	Numpages = {7},
	Pages = {74--80},
	Publisher = {ACM},
	Title = {The tail at scale},
	Url = {http://doi.acm.org/10.1145/2408776.2408794},
	Volume = {56},
	Year = {2013},
	Bdsk-Url-1 = {http://doi.acm.org/10.1145/2408776.2408794},
	Bdsk-Url-2 = {http://dx.doi.org/10.1145/2408776.2408794}}

@article{casado07:_ethan,
    author = {Casado, M. and Freedman, M. J. and Pettit, J. and Luo, J. and McKeown, N. and Shenker, S.},
    title = {{Ethane: Taking Control of the Enterprise}},
    journal = {SIGCOMM Comput. Commun. Rev.},
    issue_date = {October 2007},
    volume = {37},
    number = {4},
    month = aug,
    year = {2007},
    issn = {0146-4833},
    pages = {1--12},
    numpages = {12},
    url = {http://doi.acm.org/10.1145/1282427.1282382},
    doi = {10.1145/1282427.1282382},
    acmid = {1282382},
    publisher = {ACM},
    address = {New York, NY, USA},
    keywords = {architecture, management, network, security},
} 

@incollection{chetty07,
    author={Chetty, M. and Sung, J. Y. and Grinter, R. E.},
    year={2007},
    isbn={978-3-540-74852-6},
    booktitle={UbiComp 2007: Ubiquitous Computing},
    volume={4717},
    series={Lecture Notes in Computer Science},
    doi={10.1007/978-3-540-74853-3_8},
    title={{How Smart Homes Learn: The Evolution of the Networked Home and Household}},
    url={http://dx.doi.org/10.1007/978-3-540-74853-3_8},
    publisher={Springer Berlin Heidelberg},
    keywords={home networking; smart home; infrastructure},
    pages={127-144}
}

@inproceedings{chetty10,
	Acmid = {1753423},
	Address = {New York, NY, USA},
	Author = {Chetty, M. and Banks, R. and Harper, R. and Regan, T. and Sellen, A. and Gkantsidis, C. and Karagiannis, T. and Key, P.},
	Booktitle = {Proceedings of the SIGCHI Conference on Human Factors in Computing Systems},
	Doi = {10.1145/1753326.1753423},
	Isbn = {978-1-60558-929-9},
	Keywords = {bandwidth monitoring, home broadband, home networks},
	Location = {Atlanta, Georgia, USA},
	Numpages = {10},
	Pages = {659--668},
	Publisher = {ACM},
	Series = {CHI '10},
	Title = {Who's hogging the bandwidth: the consequences of revealing the invisible in the home},
	Url = {http://doi.acm.org/10.1145/1753326.1753423},
	Year = {2010},
	Bdsk-Url-1 = {http://doi.acm.org/10.1145/1753326.1753423},
	Bdsk-Url-2 = {http://dx.doi.org/10.1145/1753326.1753423}}

@incollection{crabtree03,
    author={Crabtree, A. and Rodden, T. and Hemmings, T. and Benford, S.},
    year={2003},
    isbn={978-3-540-20301-8},
    booktitle={UbiComp 2003: Ubiquitous Computing},
    volume={2864},
    series={Lecture Notes in Computer Science},
    doi={10.1007/978-3-540-39653-6_17},
    title={{Finding a Place for UbiComp in the Home}},
    url={http://dx.doi.org/10.1007/978-3-540-39653-6_17},
    publisher={Springer Berlin Heidelberg},
    pages={208-226}
}

@inproceedings{grinter05,
    Author = {Grinter, R. E. and Edwards, W. K. and Newman, M. W. and Ducheneaut, N.},
    title = {{The Work to Make a Home Network Work}},
    booktitle = {Proceedings of the 9th Conference on European Conference on Computer Supported Cooperative Work},
    series = {ECSCW'05},
    year = {2005},
    isbn = {978-1402040221},
    location = {Paris, France},
    pages = {469--488},
    numpages = {20},
    url = {http://dl.acm.org/citation.cfm?id=1242029.1242053},
    acmid = {1242053},
    publisher = {Springer-Verlag New York, Inc.},
    address = {New York, NY, USA},} 

@inproceedings{even12,
    author = {Even, G. and Medina, M. and Schaffrath, G. and Schmid, S.},
    title = {{Competitive and Deterministic Embeddings of Virtual Networks}},
    booktitle = {Proceedings of the 13th International Conference on Distributed Computing and Networking},
    series = {ICDCN'12},
    year = {2012},
    isbn = {978-3-642-25958-6},
    location = {Hong Kong, China},
    pages = {106--121},
    numpages = {16},
    url = {http://dx.doi.org/10.1007/978-3-642-25959-3_8},
    doi = {10.1007/978-3-642-25959-3_8},
    acmid = {2183685},
    publisher = {Springer-Verlag},
    address = {Berlin, Heidelberg},} 


@inproceedings{kandula09,
	Acmid = {1644918},
	Address = {New York, NY, USA},
	Author = {Kandula, S. and Sengupta, S. and Greenberg, A. and Patel, P. and Chaiken, R.},
	Booktitle = {Proceedings of the 9th ACM SIGCOMM conference on Internet measurement conference},
	Doi = {10.1145/1644893.1644918},
	Isbn = {978-1-60558-771-4},
	Keywords = {characterization, data center traffic, models, tomography},
	Location = {Chicago, Illinois, USA},
	Numpages = {7},
	Pages = {202--208},
	Publisher = {ACM},
	Series = {IMC '09},
	Title = {The nature of data center traffic: measurements \& analysis},
	Url = {http://doi.acm.org/10.1145/1644893.1644918},
	Year = {2009},
	Bdsk-Url-1 = {http://doi.acm.org/10.1145/1644893.1644918},
	Bdsk-Url-2 = {http://dx.doi.org/10.1145/1644893.1644918}}

@techreport{RFC:2131,
	Annote = {(Format: TXT=113738 bytes) (Obsoletes RFC1541) (Updated by
		  RFC3396, RFC4361, RFC5494) (Status: DRAFT STANDARD)},
	Author = {Droms, R.},
	Institution = {IETF},
	Key = {RFC2131},
	Month = mar,
	Number = 2131,
	Title = {{D}ynamic {H}ost {C}onfiguration {P}rotocol},
	Type = {RFC},
	Year = 1997}

@techreport{RFC:3748,
	Annote = {(Format: TXT=157994 bytes) (Obsoletes RFC2284) (Updated by
		  RFC5247) (Status: PROPOSED STANDARD)},
	Author = {Aboba, B. and Blunk, L. and Vollbrecht, J. and Carlson, J. and Levkowetz, H. Ed.},
	Institution = {IETF},
	Key = {RFC3748},
	Month = jun,
	Number = 3748,
	Title = {{E}xtensible {A}uthentication {P}rotocol ({E}{A}{P})},
	Type = {RFC},
	Year = 2004}

@incollection{rodden07,
    year={2007},
    isbn={978-3-540-72725-5},
    booktitle={The Disappearing Computer},
    volume={4500},
    series={Lecture Notes in Computer Science},
    doi={10.1007/978-3-540-72727-9_6},
    title={{Assembling Connected Cooperative Residential Domains}},
    url={http://dx.doi.org/10.1007/978-3-540-72727-9_6},
    publisher={Springer Berlin Heidelberg},
    author={Rodden, T. and Crabtree, A. and Hemmings, T. and Koleva, B. and Humble, J. and Akesson, K. P. and Hansson, P.},
    pages={120-142}
}

@inproceedings{shehan07,
    author = {Shehan, E. and Edwards, W. K.},
    title = {{Home Networking and HCI: What Hath God Wrought?}},
    booktitle = {Proceedings of the SIGCHI Conference on Human Factors in Computing Systems},
    series = {CHI '07},
    year = {2007},
    isbn = {978-1-59593-593-9},
    location = {San Jose, California, USA},
    pages = {547--556},
    numpages = {10},
    url = {http://doi.acm.org/10.1145/1240624.1240712},
    doi = {10.1145/1240624.1240712},
    acmid = {1240712},
    publisher = {ACM},
    address = {New York, NY, USA},
    keywords = {computer networking, home computing, home networking, infrastructure, troubleshooting, ubiquitous computing},} 

@inproceedings{shehanpoole08,
    author = {Poole, E. S. and Chetty, M. and Grinter, R. E. and Edwards, W. K.},
    title = {{More Than Meets the Eye: Transforming the User Experience of Home Network Management}},
    booktitle = {Proceedings of the 7th ACM Conference on Designing Interactive Systems},
    series = {DIS '08},
    year = {2008},
    isbn = {978-1-60558-002-9},
    location = {Cape Town, South Africa},
    pages = {455--464},
    numpages = {10},
    url = {http://doi.acm.org/10.1145/1394445.1394494},
    doi = {10.1145/1394445.1394494},
    acmid = {1394494},
    publisher = {ACM},
    address = {New York, NY, USA},
    keywords = {home networks, sketching, troubleshooting}, } 

@incollection{sung07,
    year={2007},
    isbn={978-3-540-74852-6},
    booktitle={UbiComp 2007: Ubiquitous Computing},
    volume={4717},
    series={Lecture Notes in Computer Science},
    doi={10.1007/978-3-540-74853-3_9},
    title={{``My Roomba Is Rambo'': Intimate Home Appliances}},
    url={http://dx.doi.org/10.1007/978-3-540-74853-3_9},
    publisher={Springer Berlin Heidelberg},
    keywords={Empirical study; home; robot; intimacy},
    author={Sung, J. Y. and Guo, L. and Grinter, R. E. and Christensen, H. I.},
    pages={145-162}
}

@INPROCEEDINGS{sventek11:_infor_plane_archit_suppor_home_networ_manag, 
    author={Sventek, J. and Koliousis, A. and Sharma, O. and Dulay, N. and Pediaditakis, D. and Sloman, M. and Rodden, T. and Lodge, T. and Bedwell, B. and Glover, K. and Mortier, R.}, 
    booktitle={Proceedings of the IFIP/IEEE 2011 nternational Symposium on Integrated Network Management (IM)},
    Series={IM'11},
    title={An information plane architecture supporting home network management}, 
    year={2011}, 
    month={May}, 
    pages={1-8}, 
    doi={10.1109/INM.2011.5990667},}

@incollection{tolmie07,
    year={2007},
    isbn={978-1-84800-030-8},
    address = {Limerick, Ireland},
    booktitle={ECSCW 2007},
    doi={10.1007/978-1-84800-031-5_18},
    title={{Making the home network at home: Digital housekeeping}},
    url={http://dx.doi.org/10.1007/978-1-84800-031-5_18},
    publisher={Springer London},
    author={Tolmie, P. and Crabtree, A. and Rodden, T. and Greenhalgh, C. and Benford, S.},
    pages={331-350}}

@inproceedings{wmust2011,
    author = {Brundell, P. and Crabtree, A. and Mortier, R. and Rodden, T. and Tennent, P. and Tolmie, P.},
    title = {{The Network from Above and Below}},
    booktitle = {Proceedings of the 1st ACM SIGCOMM Workshop on Measurements Up the Stack},
    series = {W-MUST '11},
    year = {2011},
    isbn = {978-1-4503-0800-7},
    location = {Toronto, Ontario, Canada},
    pages = {1--6},
    numpages = {6},
    url = {http://doi.acm.org/10.1145/2018602.2018604},
    doi = {10.1145/2018602.2018604},
    acmid = {2018604},
    publisher = {ACM},
    address = {New York, NY, USA},} 

@article{mortier11:_suppor_novel_home_networ_manag,
    author = {Mortier, R. and Bedwell, B. and Glover, K. and Lodge, T. and Rodden, T. and Rotsos, C. and Moore, A. W. and Koliousis, A. and Sventek, J.},
    title = {{Supporting Novel Home Network Management Interfaces with Openflow and NOX}},
    journal = {SIGCOMM Comput. Commun. Rev.},
    issue_date = {August 2011},
    volume = {41},
    number = {4},
    month = aug,
    year = {2011},
    issn = {0146-4833},
    pages = {464--465},
    numpages = {2},
    url = {http://doi.acm.org/10.1145/2043164.2018523},
    doi = {10.1145/2043164.2018523},
    acmid = {2018523},
    publisher = {ACM},
    address = {New York, NY, USA},}

@inproceedings{tm-presto,
    author = {Balestra, G. and Luciano, S. and Pizzonia, M. and Vissicchio, S.},
    title = {{Leveraging Router Programmability for Traffic Matrix Computation}},
    booktitle = {Proceedings of the Workshop on Programmable Routers for Extensible Services of Tomorrow},
    series = {PRESTO '10},
    year = {2010},
    isbn = {978-1-4503-0467-2},
    location = {Philadelphia, Pennsylvania},
    pages = {11:1--11:6},
    articleno = {11},
    numpages = {6},
    url = {http://doi.acm.org/10.1145/1921151.1921166},
    doi = {10.1145/1921151.1921166},
    acmid = {1921166},
    publisher = {ACM},
    address = {New York, NY, USA},} 

@inproceedings{openflow-measurement-hotice,
    author = {Jose, L. and Yu, M. and Rexford, J.},
    title = {{Online Measurement of Large Traffic Aggregates on Commodity Switches}},
    booktitle = {Proceedings of the 11th USENIX Conference on Hot Topics in Management of Internet, Cloud, and Enterprise Networks and Services},
    series = {Hot-ICE'11},
    year = {2011},
    location = {Boston, MA},
    pages = {13--13},
    numpages = {1},
    url = {http://dl.acm.org/citation.cfm?id=1972422.1972439},
    acmid = {1972439},
    publisher = {USENIX Association},
    address = {Berkeley, CA, USA},}

@inproceedings{pam-accuracy,
    author = {Arlos, P. and Fiedler, M.},
    title = {A Method to Estimate the Timestamp Accuracy of Measurement Hardware and Software Tools},
    booktitle = {Proceedings of the 8th International Conference on Passive and Active Network Measurement},
    series = {PAM'07},
    year = {2007},
    isbn = {978-3-540-71616-7},
    location = {Louvain-la-Neuve, Belgium},
    pages = {197--206},
    numpages = {10},
    url = {http://dl.acm.org/citation.cfm?id=1762888.1762915},
    acmid = {1762915},
    publisher = {Springer-Verlag},
    address = {Berlin, Heidelberg},
} 

@inproceedings{opentm-pam,
    author = {Tootoonchian, A. and Ghobadi, M. and Ganjali, Y.},
    title = {{OpenTM: Traffic Matrix Estimator for OpenFlow Networks}},
    booktitle = {Proceedings of the 11th International Conference on Passive and Active Measurement},
    series = {PAM'10},
    year = {2010},
    isbn = {3-642-12333-3, 978-3-642-12333-7},
    location = {Zurich, Switzerland},
    pages = {201--210},
    numpages = {10},
    url = {http://dl.acm.org/citation.cfm?id=1889324.1889345},
    acmid = {1889345},
    publisher = {Springer-Verlag},
    address = {Berlin, Heidelberg},} 

@inproceedings{heller10,
	Acmid = {1855728},
	Address = {Berkeley, CA, USA},
	Author = {Heller, B. and Seetharaman, S. and Mahadevan, P. and Yiakoumis, Y. and Sharma, P. and Banerjee, S. and McKeown, N.},
	Booktitle = {Proceedings of the 7th USENIX conference on Networked systems design and implementation},
	Location = {San Jose, California},
	Numpages = {1},
	Pages = {17--17},
	Publisher = {USENIX Association},
	Series = {NSDI'10},
	Title = {{ElasticTree: saving energy in data center networks}},
	Url = {http://dl.acm.org/citation.cfm?id=1855711.1855728},
	Year = {2010},
	Bdsk-Url-1 = {http://dl.acm.org/citation.cfm?id=1855711.1855728}}

@misc{geni,
	Author = {{Global Environment for Network Innovations (GENI)}},
	Howpublished = {\url{http://www.geni.net}},
	Title = {{GENI: exploring networks of the future}},
	Year = 2013}

@inproceedings{al-fares10,
	Acmid = {1855730},
	Address = {Berkeley, CA, USA},
	Author = {Al-Fares, M. and Radhakrishnan, S. and Raghavan, B. and Huang, N. and Vahdat, A.},
	Booktitle = {Proceedings of the 7th USENIX conference on Networked systems design and implementation},
	Location = {San Jose, California},
	Numpages = {1},
	Pages = {19--19},
	Publisher = {USENIX Association},
	Series = {NSDI'10},
	Title = {{H}edera: dynamic flow scheduling for data center networks},
	Url = {http://dl.acm.org/citation.cfm?id=1855711.1855730},
	Year = {2010},
	Bdsk-Url-1 = {http://dl.acm.org/citation.cfm?id=1855711.1855730}}

@inproceedings{koponen10,
	Acmid = {1924968},
	Address = {Berkeley, CA, USA},
	Author = {Koponen, T. and Casado, M. and Gude, N. and Stribling, J. and Poutievski, L. and Zhu, M. and Ramanathan, R. and Iwata, Y. and Inoue, H. and Hama, T. and Shenker, S.},
	Booktitle = {Proceedings of the 9th USENIX conference on Operating systems design and implementation},
	Location = {Vancouver, BC, Canada},
	Numpages = {6},
	Pages = {1--6},
	Publisher = {USENIX Association},
	Series = {OSDI'10},
	Title = {{O}nix: a distributed control platform for large-scale production networks},
	Url = {http://dl.acm.org/citation.cfm?id=1924943.1924968},
	Year = {2010},
	Bdsk-Url-1 = {http://dl.acm.org/citation.cfm?id=1924943.1924968}}

@inproceedings{kotronis12,
	Acmid = {2390241},
	Address = {New York, NY, USA},
	Author = {Kotronis, V. and Dimitropoulos, X. and Ager, B.},
	Booktitle = {Proceedings of the 11th ACM Workshop on Hot Topics in Networks},
	Doi = {10.1145/2390231.2390241},
	Isbn = {978-1-4503-1776-4},
	Keywords = {BGP, SDN, management, outsourcing, routing},
	Location = {Redmond, Washington},
	Numpages = {6},
	Pages = {55--60},
	Publisher = {ACM},
	Series = {HotNets-XI},
	Title = {Outsourcing the routing control logic: better internet routing based on {SDN} principles},
	Url = {http://doi.acm.org/10.1145/2390231.2390241},
	Year = {2012},
	Bdsk-Url-1 = {http://doi.acm.org/10.1145/2390231.2390241},
	Bdsk-Url-2 = {http://dx.doi.org/10.1145/2390231.2390241}}

@article{foster11,
	Acmid = {2034812},
	Address = {New York, NY, USA},
	Author = {Foster, N. and Harrison, R. and Freedman, M. J. and Monsanto, C. and Rexford, J. and Story, A. and Walker, D.},
	Doi = {10.1145/2034574.2034812},
	Issn = {0362-1340},
	Issue_Date = {September 2011},
	Journal = {SIGPLAN Not.},
	Keywords = {domain-specific languages, functional reactive programming, network programming languages, openflow},
	Month = sep,
	Number = {9},
	Numpages = {13},
	Pages = {279--291},
	Publisher = {ACM},
	Title = {{F}renetic: a network programming language},
	Url = {http://doi.acm.org/10.1145/2034574.2034812},
	Volume = {46},
	Year = {2011},
	Bdsk-Url-1 = {http://doi.acm.org/10.1145/2034574.2034812},
	Bdsk-Url-2 = {http://dx.doi.org/10.1145/2034574.2034812}}

@inproceedings{voellmy12,
	Acmid = {2342451},
	Address = {New York, NY, USA},
	Author = {Voellmy, A. and Kim, H. and Feamster, N.},
	Booktitle = {Proceedings of the 1st workshop on Hot topics in software defined networks},
	Doi = {10.1145/2342441.2342451},
	Isbn = {978-1-4503-1477-0},
	Keywords = {functional reactive programming, haskell, network configuration, openflow, software-defined networking},
	Location = {Helsinki, Finland},
	Numpages = {6},
	Pages = {43--48},
	Publisher = {ACM},
	Series = {HotSDN '12},
	Title = {{P}rocera: a language for high-level reactive network control},
	Url = {http://doi.acm.org/10.1145/2342441.2342451},
	Year = {2012},
	Bdsk-Url-1 = {http://doi.acm.org/10.1145/2342441.2342451},
	Bdsk-Url-2 = {http://dx.doi.org/10.1145/2342441.2342451}}

@inproceedings{monsanto12a,
	Acmid = {2103685},
	Address = {New York, NY, USA},
	Author = {Monsanto, C. and Foster, N. and Harrison, R. and Walker, D.},
	Booktitle = {Proceedings of the 39th annual ACM SIGPLAN-SIGACT symposium on Principles of programming languages},
	Doi = {10.1145/2103656.2103685},
	Isbn = {978-1-4503-1083-3},
	Keywords = {domain specific languages, frenetic, network programming languages, openflow, software-defined networking},
	Location = {Philadelphia, PA, USA},
	Numpages = {14},
	Pages = {217--230},
	Publisher = {ACM},
	Series = {POPL '12},
	Title = {A compiler and run-time system for network programming languages},
	Url = {http://doi.acm.org/10.1145/2103656.2103685},
	Year = {2012},
	Bdsk-Url-1 = {http://doi.acm.org/10.1145/2103656.2103685},
	Bdsk-Url-2 = {http://dx.doi.org/10.1145/2103656.2103685}}

@inproceedings{reitblatt12,
	Acmid = {2342427},
	Address = {New York, NY, USA},
	Author = {Reitblatt, M. and Foster, N. and Rexford, J. and Schlesinger, C. and Walker, D.},
	Booktitle = {Proceedings of the ACM SIGCOMM 2012 conference on Applications, technologies, architectures, and protocols for computer communication},
	Doi = {10.1145/2342356.2342427},
	Isbn = {978-1-4503-1419-0},
	Keywords = {consistency, frenetic, network programming languages, openflow, planned change, software-defined networking},
	Location = {Helsinki, Finland},
	Numpages = {12},
	Pages = {323--334},
	Publisher = {ACM},
	Series = {SIGCOMM '12},
	Title = {Abstractions for network update},
	Url = {http://doi.acm.org/10.1145/2342356.2342427},
	Year = {2012},
	Bdsk-Url-1 = {http://doi.acm.org/10.1145/2342356.2342427},
	Bdsk-Url-2 = {http://dx.doi.org/10.1145/2342356.2342427}}

@article{guha13,
	Acmid = {2462178},
	Address = {New York, NY, USA},
	Author = {Guha, A. and Reitblatt, M. and Foster, N.},
	Doi = {10.1145/2499370.2462178},
	Issn = {0362-1340},
	Issue_Date = {June 2013},
	Journal = {SIGPLAN Not.},
	Keywords = {coq, domain-specific languages, formal verification, frenetic, netcore, openflow, software-defined networking},
	Month = jun,
	Number = {6},
	Numpages = {12},
	Pages = {483--494},
	Publisher = {ACM},
	Title = {Machine-verified network controllers},
	Url = {http://doi.acm.org/10.1145/2499370.2462178},
	Volume = {48},
	Year = {2013},
	Bdsk-Url-1 = {http://doi.acm.org/10.1145/2499370.2462178},
	Bdsk-Url-2 = {http://dx.doi.org/10.1145/2499370.2462178}}

@inproceedings{monsanto13,
	Acmid = {2482629},
	Address = {Berkeley, CA, USA},
	Author = {Monsanto, C. and Reich, J. and Foster, N. and Rexford, J. and Walker, D.},
	Booktitle = {Proceedings of the 10th USENIX conference on Networked Systems Design and Implementation},
	Location = {Lombard, IL},
	Numpages = {14},
	Pages = {1--14},
	Publisher = {USENIX Association},
	Series = {nsdi'13},
	Title = {Composing software-defined networks},
	Url = {http://dl.acm.org/citation.cfm?id=2482626.2482629},
	Year = {2013},
	Bdsk-Url-1 = {http://dl.acm.org/citation.cfm?id=2482626.2482629}}

@article{erickson11,
	Acmid = {2018530},
	Address = {New York, NY, USA},
	Author = {Erickson, D. and Heller, B. and Yang, S. and Chu, J. and Ellithorpe, J. and Whyte, S. and Stuart, S. and McKeown, N. and Parulkar, G. and Rosenblum, M.},
	Doi = {10.1145/2043164.2018530},
	Issn = {0146-4833},
	Issue_Date = {August 2011},
	Journal = {SIGCOMM Comput. Commun. Rev.},
	Keywords = {data center network, openflow, virtualization, virtue},
	Month = aug,
	Number = {4},
	Numpages = {2},
	Pages = {478--479},
	Publisher = {ACM},
	Title = {Optimizing a virtualized data center},
	Url = {http://doi.acm.org/10.1145/2043164.2018530},
	Volume = {41},
	Year = {2011},
	Bdsk-Url-1 = {http://doi.acm.org/10.1145/2043164.2018530},
	Bdsk-Url-2 = {http://dx.doi.org/10.1145/2043164.2018530}}

@article{yu10,
	Acmid = {1851224},
	Address = {New York, NY, USA},
	Author = {Yu, M. and Rexford, J. and Freedman, M. J. and Wang, J.},
	Issn = {0146-4833},
	Issue_Date = {August 2011},
	Journal = {SIGCOMM Comput. Commun. Rev.},
	Keywords = {access control, network architecture, openflow, scalability},
	Month = aug,
	Number = {4},
	Pages = {--},
	Publisher = {ACM},
	Title = {Scalable flow-based networking with {DIFANE}},
	Url = {http://dl.acm.org/citation.cfm?id=2043164.1851224},
	Volume = {41},
	Year = {2010},
	Bdsk-Url-1 = {http://dl.acm.org/citation.cfm?id=2043164.1851224}}

@inproceedings{khurshid12,
	Acmid = {2342452},
	Address = {New York, NY, USA},
	Author = {Khurshid, A. and Zhou, W. and Caesar, M. and Godfrey, P. B.},
	Booktitle = {Proceedings of the 1st workshop on Hot topics in software defined networks},
	Doi = {10.1145/2342441.2342452},
	Isbn = {978-1-4503-1477-0},
	Keywords = {debugging, forwarding, openflow, real time, software-defined networking},
	Location = {Helsinki, Finland},
	Numpages = {6},
	Pages = {49--54},
	Publisher = {ACM},
	Series = {HotSDN '12},
	Title = {{VeriFlow}: verifying network-wide invariants in real time},
	Url = {http://doi.acm.org/10.1145/2342441.2342452},
	Year = {2012},
	Bdsk-Url-1 = {http://doi.acm.org/10.1145/2342441.2342452},
	Bdsk-Url-2 = {http://dx.doi.org/10.1145/2342441.2342452}}

@inproceedings{calvert10,
	Acmid = {1851321},
	Address = {New York, NY, USA},
	Author = {Calvert, K. L. and Edwards, W. K. and Feamster, N. and Grinter, R. E. and Deng, Y. and Zhou, X.},
	Booktitle = {Proceedings of the 2010 ACM SIGCOMM workshop on Home networks},
	Doi = {10.1145/1851307.1851321},
	Isbn = {978-1-4503-0198-5},
	Keywords = {home network management, home network troubleshooting},
	Location = {New Delhi, India},
	Numpages = {6},
	Pages = {55--60},
	Publisher = {ACM},
	Series = {HomeNets '10},
	Title = {Instrumenting home networks},
	Url = {http://doi.acm.org/10.1145/1851307.1851321},
	Year = {2010},
	Bdsk-Url-1 = {http://doi.acm.org/10.1145/1851307.1851321},
	Bdsk-Url-2 = {http://dx.doi.org/10.1145/1851307.1851321}}

@inproceedings{yiakoumis11,
	Acmid = {2018569},
	Address = {New York, NY, USA},
	Author = {Yiakoumis, Y. and Yap, K.-K. and Katti, S. and Parulkar, G. and McKeown, N.},
	Booktitle = {Proceedings of the 2nd ACM SIGCOMM workshop on Home networks},
	Doi = {10.1145/2018567.2018569},
	Isbn = {978-1-4503-0798-7},
	Keywords = {home networks, network slicing, openflow, software-defined networks},
	Location = {Toronto, Ontario, Canada},
	Numpages = {6},
	Pages = {1--6},
	Publisher = {ACM},
	Series = {HomeNets '11},
	Title = {Slicing home networks},
	Url = {http://doi.acm.org/10.1145/2018567.2018569},
	Year = {2011},
	Bdsk-Url-1 = {http://doi.acm.org/10.1145/2018567.2018569},
	Bdsk-Url-2 = {http://dx.doi.org/10.1145/2018567.2018569}}

@inproceedings{yiakoumis12,
	Acmid = {2370451},
	Address = {New York, NY, USA},
	Author = {Yiakoumis, Y. and Katti, S. and Huang, T. Y. and McKeown, N. and Yap, K. K. and Johari, R.},
	Booktitle = {Proceedings of the 2012 ACM Conference on Ubiquitous Computing},
	Doi = {10.1145/2370216.2370451},
	Isbn = {978-1-4503-1224-0},
	Keywords = {QoS, home networks, human computer interaction, network slicing, video-streaming},
	Location = {Pittsburgh, Pennsylvania},
	Numpages = {6},
	Pages = {1114--1119},
	Publisher = {ACM},
	Series = {UbiComp '12},
	Title = {Putting home users in charge of their network},
	Url = {http://doi.acm.org/10.1145/2370216.2370451},
	Year = {2012},
	Bdsk-Url-1 = {http://doi.acm.org/10.1145/2370216.2370451},
	Bdsk-Url-2 = {http://dx.doi.org/10.1145/2370216.2370451}}

@inproceedings{porras12,
	Acmid = {2342466},
	Address = {New York, NY, USA},
	Author = {Porras, P. and Shin, S. and Yegneswaran, V. and Fong, M. and Tyson, M. and Gu, G.},
	Booktitle = {Proceedings of the 1st workshop on Hot topics in software defined networks},
	Doi = {10.1145/2342441.2342466},
	Isbn = {978-1-4503-1477-0},
	Keywords = {openflow, policy enforcement, security},
	Location = {Helsinki, Finland},
	Numpages = {6},
	Pages = {121--126},
	Publisher = {ACM},
	Series = {HotSDN '12},
	Title = {A security enforcement kernel for {OpenFlow} networks},
	Url = {http://doi.acm.org/10.1145/2342441.2342466},
	Year = {2012},
	Bdsk-Url-1 = {http://doi.acm.org/10.1145/2342441.2342466},
	Bdsk-Url-2 = {http://dx.doi.org/10.1145/2342441.2342466}}

@article{mahajan02,
	Acmid = {633027},
	Address = {New York, NY, USA},
	Author = {Mahajan, R. and Wetherall, D. and Anderson, T.},
	Doi = {10.1145/964725.633027},
	Issn = {0146-4833},
	Issue_Date = {October 2002},
	Journal = {SIGCOMM Comput. Commun. Rev.},
	Month = aug,
	Number = {4},
	Numpages = {14},
	Pages = {3--16},
	Publisher = {ACM},
	Title = {Understanding {BGP} misconfiguration},
	Url = {http://doi.acm.org/10.1145/964725.633027},
	Volume = {32},
	Year = {2002},
	Bdsk-Url-1 = {http://doi.acm.org/10.1145/964725.633027},
	Bdsk-Url-2 = {http://dx.doi.org/10.1145/964725.633027}}

@inproceedings{Yap09,
	Author = {Yap, K. K. and Kobayashi, M. and Underhill, D. and Seetharaman, S. and Kazemian, P. and McKeown, N.},
    title = {The {S}tanford {OpenRoads} Deployment},
    booktitle = {Proceedings of the 4th ACM International Workshop on Experimental Evaluation and Characterization},
    series = {WINTECH '09},
    year = {2009},
    isbn = {978-1-60558-740-0},
    location = {Beijing, China},
    pages = {59--66},
    numpages = {8},
    url = {http://doi.acm.org/10.1145/1614293.1614304},
    doi = {10.1145/1614293.1614304},
    acmid = {1614304},
    publisher = {ACM},
    address = {New York, NY, USA},
    keywords = {OpenFlow, OpenRoads, wireless testbed},}

@inproceedings{ballard10,
	Acmid = {1863141},
	Address = {Berkeley, CA, USA},
	Author = {Ballard, J. R. and Rae, I. and Akella, A.},
	Booktitle = {Proceedings of the 2010 internet network management conference on Research on enterprise networking},
	Location = {San Jose, CA},
	Numpages = {1},
	Pages = {8--8},
	Publisher = {USENIX Association},
	Series = {INM/WREN'10},
	Title = {Extensible and scalable network monitoring using {OpenSAFE}},
	Url = {http://dl.acm.org/citation.cfm?id=1863133.1863141},
	Year = {2010},
	Bdsk-Url-1 = {http://dl.acm.org/citation.cfm?id=1863133.1863141}}

@inproceedings{handigol12,
	Acmid = {2413206},
	Address = {New York, NY, USA},
	Author = {Handigol, N. and Heller, B. and Jeyakumar, V. and Lantz, B. and McKeown, N.},
	Booktitle = {Proceedings of the 8th international conference on Emerging networking experiments and technologies},
	Doi = {10.1145/2413176.2413206},
	Isbn = {978-1-4503-1775-7},
	Keywords = {container-based emulation, reproducible research},
	Location = {Nice, France},
	Numpages = {12},
	Pages = {253--264},
	Publisher = {ACM},
	Series = {CoNEXT '12},
	Title = {Reproducible network experiments using container-based emulation},
	Url = {http://doi.acm.org/10.1145/2413176.2413206},
	Year = {2012},
	Bdsk-Url-1 = {http://doi.acm.org/10.1145/2413176.2413206},
	Bdsk-Url-2 = {http://dx.doi.org/10.1145/2413176.2413206}}

@inproceedings{lantz10,
	Acmid = {1868466},
	Address = {New York, NY, USA},
	Articleno = {19},
	Author = {Lantz, B. and Heller, B. and McKeown, N.},
	Booktitle = {Proceedings of the 9th ACM SIGCOMM Workshop on Hot Topics in Networks},
	Doi = {10.1145/1868447.1868466},
	Isbn = {978-1-4503-0409-2},
	Keywords = {emulation, open-flow, rapid prototyping, software defined networking, virtualization},
	Location = {Monterey, California},
	Numpages = {6},
	Pages = {19:1--19:6},
	Publisher = {ACM},
	Series = {Hotnets-IX},
	Title = {A network in a laptop: rapid prototyping for software-defined networks},
	Url = {http://doi.acm.org/10.1145/1868447.1868466},
	Year = {2010},
	Bdsk-Url-1 = {http://doi.acm.org/10.1145/1868447.1868466},
	Bdsk-Url-2 = {http://dx.doi.org/10.1145/1868447.1868466}}

@inproceedings{yap10,
	Acmid = {1851404},
	Address = {New York, NY, USA},
	Author = {Yap, K. K. and Sherwood, R. and Kobayashi, M. and Huang, T. Y. and Chan, M. and Handigol, N. and McKeown, N. and Parulkar, G.},
	Booktitle = {Proceedings of the 2nd ACM SIGCOMM workshop on Virtualized infrastructure systems and architectures},
	Doi = {10.1145/1851399.1851404},
	Isbn = {978-1-4503-0199-2},
	Keywords = {flowvisor, mobile networks, mobility, openflow, software-defined networks, wireless},
	Location = {New Delhi, India},
	Numpages = {8},
	Pages = {25--32},
	Publisher = {ACM},
	Series = {VISA '10},
	Title = {Blueprint for introducing innovation into wireless mobile networks},
	Url = {http://doi.acm.org/10.1145/1851399.1851404},
	Year = {2010},
	Bdsk-Url-1 = {http://doi.acm.org/10.1145/1851399.1851404},
	Bdsk-Url-2 = {http://dx.doi.org/10.1145/1851399.1851404}}

@inproceedings{wundsam11,
	Acmid = {2002210},
	Address = {Berkeley, CA, USA},
	Author = {Wundsam, A. and Levin, D. and Seetharaman, S. and Feldmann, A.},
	Booktitle = {Proceedings of the 2011 USENIX conference on USENIX annual technical conference},
	Location = {Portland, OR},
	Numpages = {1},
	Pages = {29--29},
	Publisher = {USENIX Association},
	Series = {USENIXATC'11},
	Title = {{OFRewind}: enabling record and replay troubleshooting for networks},
	Url = {http://dl.acm.org/citation.cfm?id=2002181.2002210},
	Year = {2011},
	Bdsk-Url-1 = {http://dl.acm.org/citation.cfm?id=2002181.2002210}}

@inproceedings{benson11,
	Acmid = {2079304},
	Address = {New York, NY, USA},
	Articleno = {8},
	Author = {Benson, T. and Anand, A. and Akella, A. and Zhang, M.},
	Booktitle = {Proceedings of the 7th COnference on emerging Networking EXperiments and Technologies},
	Doi = {10.1145/2079296.2079304},
	Isbn = {978-1-4503-1041-3},
	Keywords = {data center network, traffic engineering},
	Location = {Tokyo, Japan},
	Numpages = {12},
	Pages = {8:1--8:12},
	Publisher = {ACM},
	Series = {CoNEXT '11},
	Title = {{MicroTE}: fine grained traffic engineering for data centers},
	Url = {http://doi.acm.org/10.1145/2079296.2079304},
	Year = {2011},
	Bdsk-Url-1 = {http://doi.acm.org/10.1145/2079296.2079304},
	Bdsk-Url-2 = {http://dx.doi.org/10.1145/2079296.2079304}}

@inproceedings{li12,
	Acmid = {2417138},
	Address = {Washington, DC, USA},
	Author = {Li, L. E. and Mao, Z. M. and Rexford, J.},
	Booktitle = {Proceedings of the 2012 European Workshop on Software Defined Networking},
	Doi = {10.1109/EWSDN.2012.28},
	Isbn = {978-0-7695-4870-8},
	Keywords = {CellSDN, software defined networks (SDN), local control agent},
	Numpages = {6},
	Pages = {7--12},
	Publisher = {IEEE Computer Society},
	Series = {EWSDN '12},
	Title = {{Toward Software-Defined Cellular Networks}},
	Url = {http://dx.doi.org/10.1109/EWSDN.2012.28},
	Year = {2012},
	Bdsk-Url-1 = {http://dx.doi.org/10.1109/EWSDN.2012.28}}

@inproceedings{huang10,
	Acmid = {1851331},
	Address = {New York, NY, USA},
	Author = {Huang, T. Y. and Yap, K. K. and Dodson, B. and Lam, M. S. and McKeown, N.},
	Booktitle = {Proceedings of the 2nd ACM SIGCOMM workshop on Networking, systems, and applications on mobile handhelds},
	Doi = {10.1145/1851322.1851331},
	Isbn = {978-1-4503-0197-8},
	Keywords = {NOX, OpenFlow, XMPP, phone-to-phone, software-defined networks},
	Location = {New Delhi, India},
	Numpages = {6},
	Pages = {27--32},
	Publisher = {ACM},
	Series = {MobiHeld '10},
	Title = {{PhoneNet}: a phone-to-phone network for group communication within an administrative domain},
	Url = {http://doi.acm.org/10.1145/1851322.1851331},
	Year = {2010},
	Bdsk-Url-1 = {http://doi.acm.org/10.1145/1851322.1851331},
	Bdsk-Url-2 = {http://dx.doi.org/10.1145/1851322.1851331}}

@inproceedings{wang11,
	Acmid = {1972438},
	Address = {Berkeley, CA, USA},
	Author = {Wang, R. and Butnariu, Dana and Rexford, J.},
	Booktitle = {Proceedings of the 11th USENIX conference on Hot topics in management of internet, cloud, and enterprise networks and services},
	Location = {Boston, MA},
	Numpages = {1},
	Pages = {12--12},
	Publisher = {USENIX Association},
	Series = {Hot-ICE'11},
	Title = {{OpenFlow-based server load balancing gone wild}},
	Url = {http://dl.acm.org/citation.cfm?id=1972422.1972438},
	Year = {2011},
	Bdsk-Url-1 = {http://dl.acm.org/citation.cfm?id=1972422.1972438}}

@inproceedings{rothenberg12,
	Acmid = {2342445},
	Address = {New York, NY, USA},
	Author = {Rothenberg, C. E. and Nascimento, M. R. and Salvador, M. R. and Corr\^{e}a, C. N. A. and Cunha de Lucena, S. and Raszuk, R.},
	Booktitle = {Proceedings of the 1st workshop on Hot topics in software defined networks},
	Doi = {10.1145/2342441.2342445},
	Isbn = {978-1-4503-1477-0},
	Keywords = {bgp, openflow, routing architecture, sdn, virtualization},
	Location = {Helsinki, Finland},
	Numpages = {6},
	Pages = {13--18},
	Publisher = {ACM},
	Series = {HotSDN '12},
	Title = {Revisiting routing control platforms with the eyes and muscles of software-defined networking},
	Url = {http://doi.acm.org/10.1145/2342441.2342445},
	Year = {2012},
	Bdsk-Url-1 = {http://doi.acm.org/10.1145/2342441.2342445},
	Bdsk-Url-2 = {http://dx.doi.org/10.1145/2342441.2342445}}

@INPROCEEDINGS{bianco10, 
    author={Bianco, A. and Birke, R. and Giraudo, L. and Palacin, M.}, 
    booktitle={Proceedings of the 2010 IEEE International Conference on Communications (ICC)}, 
    title={{OpenFlow Switching: Data Plane Performance}}, 
    year={2010}, 
    month={May}, 
    pages={1-5}, 
    doi={10.1109/ICC.2010.5502016}, 
    ISSN={1550-3607},}

@inproceedings{Shaikh-igp,
    author = {Shaikh, A. and Greenberg, A.},
    title = {{Experience in Black-box OSPF Measurement}},
    booktitle = {Proceedings of the 1st ACM SIGCOMM Workshop on Internet Measurement},
    series = {IMW '01},
    year = {2001},
    isbn = {1-58113-435-5},
    location = {San Francisco, California, USA},
    pages = {113--125},
    numpages = {13},
    url = {http://doi.acm.org/10.1145/505202.505218},
    doi = {10.1145/505202.505218},
    acmid = {505218},
    publisher = {ACM},
    address = {New York, NY, USA},
    keywords = {OSPF, SPF calculation, black-box measurements, routing},} 

@inproceedings {Rotsos14,
    author = {C. Rotsos and H. Howard and D. Sheets and R. Mortier and A. Madhavapeddy and Amir Chaudhry and J. Crowcroft},
    title = {Lost in the Edge: Finding Your Way with DNSSEC Signposts},
    booktitle = {Proceedings of the 3rd USENIX Workshop on Free and Open Communications on the Internet},
    year = {2013},
    location = {Washington, D.C.},
    url = {https://www.usenix.org/conference/foci13/workshop-program/presentation/Rotsos},
    publisher = {USENIX},
    address = {Berkeley, CA}}

@misc{openflow-spec,
	Author = {{OpenFlow Consortium}},
	Howpublished = {\url{www.openflow.org/documents/openflow-spec-v1.0.0.pdf}},
	Month = Dec,
	Title = {{OpenFlow Switch Specification (version 1.0.0)}},
	Year = {2009}}

@inproceedings{covington09,
	Author = {Covington, G. A. and Gibb, G. and Lockwood, J. W. and Mckeown, N.},
	Booktitle = {Proceedings of the 17th IEEE Symposium on Field Programmable Custom Computing Machines},
    Series = {FCCM '09},
	Doi = {10.1109/FCCM.2009.29},
	Month = apr,
	pages = {235 -238},
	Title = {A Packet Generator on the {NetFPGA} Platform},
	Year = {2009},
	Bdsk-Url-1 = {http://dx.doi.org/10.1109/FCCM.2009.29}}

@misc{quagga,
	Howpublished = {\url{http://www.quagga.net}},
	Author = {Quagga},
	Title = {{Q}uagga {R}outing {S}uite},
	Year = 2014}

@article{sarrar12,
	Acmid = {2096152},
	Address = {New York, NY, USA},
	Author = {Sarrar, N. and Uhlig, S. and Feldmann, A. and Sherwood, R. and Huang, X.},
	Doi = {10.1145/2096149.2096152},
	Issn = {0146-4833},
	Issue_Date = {January 2012},
	Journal = {SIGCOMM Comput. Commun. Rev.},
	Keywords = {heavy hitters, software defined network, software router},
	Month = jan,
	Number = {1},
	Numpages = {7},
	Pages = {16--22},
	Publisher = {ACM},
	Title = {Leveraging {Z}ipf's law for traffic offloading},
	Url = {http://doi.acm.org/10.1145/2096149.2096152},
	Volume = {42},
	Year = {2012},
	Bdsk-Url-1 = {http://doi.acm.org/10.1145/2096149.2096152},
	Bdsk-Url-2 = {http://dx.doi.org/10.1145/2096149.2096152}}

@inproceedings{flowvisor-osdi,
    author = {Sherwood, R. and Gibb, G. and Yap, K. K. and Appenzeller, G. and Casado, M. and McKeown, N. and Parulkar, G.},
    title = {{Can the Production Network Be the Testbed?}},
    booktitle = {Proceedings of the 9th USENIX Conference on Operating Systems Design and Implementation},
    series = {OSDI'10},
    year = {2010},
    location = {Vancouver, BC, Canada},
    pages = {1--6},
    numpages = {6},
    url = {http://dl.acm.org/citation.cfm?id=1924943.1924969},
    acmid = {1924969},
    publisher = {USENIX Association},
    address = {Berkeley, CA, USA},} 

@inproceedings{corin12,
	Author = {Corin, R. D. and Gerola, M. and Riggio, R. and De Pellegrini, F. and Salvadori, E.},
	Booktitle = {Proceedings of the European Workshop on Software Defined Networking (EWSDN), 2012},
    Series = {EWSDN'12},
	Doi = {10.1109/EWSDN.2012.19},
	Pages = {24-29},
	Title = {{VeRTIGO}: Network Virtualization and Beyond},
	Year = {2012},
	Bdsk-Url-1 = {http://dx.doi.org/10.1109/EWSDN.2012.19}}

@article{drutskoy13,
	Author = {Drutskoy, D. and Keller, E. and Rexford, J.},
	Doi = {10.1109/MIC.2012.144},
	Issn = {1089-7801},
	Journal = {Internet Computing, IEEE},
	Number = {2},
	Pages = {20-27},
	Title = {{Scalable Network Virtualization in Software-Defined Networks}},
	Volume = {17},
	Year = {2013},
	Bdsk-Url-1 = {http://dx.doi.org/10.1109/MIC.2012.144}}

@article{handigol09,
	Author = {Handigol, Nikhil and Seetharaman, S.vasan and Flajslik, Mario and McKeown, N. and Johari, Ramesh},
	Journal = {ACM SIGCOMM Demo},
	Title = {{Plug-n-Serve}: Load-balancing web traffic using {OpenFlow}},
	Year = {2009}}

@inproceedings{handigol10,
	Author = {Handigol, N. and Seetharaman, S. and Flajslik, M. and Johari, R. and McKeown, N.},
	Booktitle = {Proceedings of the 9th GENI Engineering Conference (Plenary)},
	Title = {{Aster* x: Load-balancing as a network primitive}},
	Year = {2010}}

@article{flowvisor-ccr,
	Acmid = {1672333},
	Address = {New York, NY, USA},
	Author = {Sherwood, R. and Chan, M. and Covington, A. and Gibb, G. and Flajslik, M. and Handigol, N. and Huang, T. Y. and Kazemian, P. and Kobayashi, M. and Naous, J. and Seetharaman, S. and Underhill, D. and Yabe, T. and Yap, K. K. and Yiakoumis, Y. and Zeng, H. and Appenzeller, G. and Johari, R. and McKeown, N. and Parulkar, G.},
	Doi = {http://doi.acm.org/10.1145/1672308.1672333},
	Issn = {0146-4833},
	Issue = {1},
	Journal = {SIGCOMM Comput. Commun. Rev.},
	Keywords = {architecture, flowvisor, openflow, slicing, virtual networks},
	Month = {January},
	Numpages = {2},
	Pages = {129--130},
	Publisher = {ACM},
	Title = {Carving research slices out of your production networks with {OpenFlow}},
	Url = {http://doi.acm.org/10.1145/1672308.1672333},
	Volume = {40},
	Year = {2010},
	Bdsk-Url-1 = {http://doi.acm.org/10.1145/1672308.1672333}}

@article{gude08,
	Author = {Gude, N. and Koponen, T. and Pettit, J. and Pfaff, B. and Casado, M. and McKeown, N. and Shenker, S.},
	Journal = {SIGCOMM Comput. Commun. Rev.},
	Month = {July},
	acmid = {1384625},
	address = {New York, NY, USA},
	issue = {3},
	numpages = {6},
	publisher = {ACM},
	volume = {38},
	Title = {{NOX}: towards an operating system for networks},
	Year = {2008}}

@inproceedings{openvswitch,
	Author = {Pettit, J. and Gross, J. and Pfaff, B. and Casado, M. and Crosby, S.},
    booktitle = {Proceedings of the 2nd Workshop on Data Center - Converged and Virtual Ethernet Switching},
	Title = {{Virtualizing the Network Forwarding Plane}},
	Year = {2010}}

@misc{of-reference-impl,
	Author = {{OpenFlow Consortium}},
	Howpublished = {\url{http://www.openflow.org/wp/develop/}},
	Title = {{OpenFlow reference implementation}},
	Year = 2009}

@inproceedings{openflow-netfpga,
	Author = {Naous, J. and Erickson, D. and Covington, G. A. and Appenzeller, G. and McKeown, N.},
	acmid = {1477944},
	address = {New York, NY, USA},
    booktitle = {Proceedings of the 4th ACM/IEEE Symposium on Architectures for Networking and Communications Systems},
	doi = {http://doi.acm.org/10.1145/1477942.1477944},
	isbn = {978-1-60558-346-4},
	keywords = {NetFPGA, OpenFlow, computer networks, flow switching, packet switching, programmable networks},
	location = {San Jose, California},
	numpages = {9},
	pages = {1--9},
	publisher = {ACM},
	series = {ANCS '08},
	url = {http://doi.acm.org/10.1145/1477942.1477944},
	Title = {{Implementing an OpenFlow switch on the NetFPGA platform}},
	Year = {2008}}

@inproceedings{olsson05,
	Author = {R. Olsson},
	Booktitle = {Linux Symposium},
	address = {Ottawa, ON, Canada},
	month = jul,
	pages = {11--24},
	volume = 2,
	Title = {\emph{pktgen}, the Linux Packet Generator},
	Year = 2005}

@misc{oflops-manual,
	Author = {\oflops},
	Note = {\url{http://www.openflow.org/wk/index.php/Oflops}},
	Title = {\oflops Manual},
	Year = 2011}

@misc{itufacts2011,
	Author = {ITU},
	Note = {\url{http://www.itu.int/ITU-D/ict/facts/2011/material/ICTFactsFigures2011.pdf}},
	Title = {{The World in 2011: ICT facts and figures}},
	Year = {2011}}

@misc{durausas:2011un,
	Author = {du Rausas, M. P. and Manyika, J. and Hazan, E. and Bughin, J. and Chui, M. and Said, R.},
	Howpublished = {\url{http://www.mckinsey.com/insights/mgi/research/technology_and_innovation/internet_matters}},
	Month = may,
	Pages = {1--13},
	Title = {{Internet matters: The Net's sweeping impact on growth, jobs, and prosperity}},
	Year = {2011}}

@article{clark:1988,
	Acmid = {52336},
	Address = {New York, NY, USA},
	Author = {Clark, D.},
	Doi = {10.1145/52325.52336},
	Issn = {0146-4833},
	Issue_Date = {August 1988},
	Journal = {SIGCOMM Comput. Commun. Rev.},
	Month = aug,
	Number = {4},
	Numpages = {9},
	Pages = {106--114},
	Publisher = {ACM},
	Title = {{The design philosophy of the DARPA internet protocols}},
	Url = {http://doi.acm.org/10.1145/52325.52336},
	Volume = {18},
	Year = {1988},
	Bdsk-Url-1 = {http://doi.acm.org/10.1145/52325.52336},
	Bdsk-Url-2 = {http://dx.doi.org/10.1145/52325.52336}}

@article{mills:1987tt,
	Author = {Mills, D. L. and Braun, H. W.},
	Journal = {ACM SIGCOMM Computer Communication Review},
	Number = {5},
	Pages = {191--196},
	Title = {{The NSFNET backbone network}},
	Volume = {17},
	Year = {1987}}

@misc{beranek81,
	Author = {Beranek, B.},
	Howpublished = {\url{http://www.darpa.mil/WorkArea/DownloadAsset.aspx?id=2677}},
	Title = {{A History of the ARPANET: The First Decade}},
	Year = {1981}}

@article{mobile:2012vd,
	author = {CVNI},
	Journal = {CISCO White Paper},
	Title = {{Cisco Visual Networking Index: Global Mobile Data Traffic Forecast Update, 2011--2016 }},
	Year = {2012}}

@article{cisco:2012wu,
	author = {CVNI},
	Journal = {CISCO White paper},
	Title = {{Cisco Visual Networking Index: Forecast and Methodology, 2011--2016}},
	Year = {2012}}

@inproceedings{dischinger:2007bg,
	Author = {Dischinger, M. and Haeberlen, A. and Gummadi, K. P. and Saroiu, S.},
    title = {{Characterizing Residential Broadband Networks}},
    booktitle = {Proceedings of the 7th ACM SIGCOMM Conference on Internet Measurement},
    series = {IMC '07},
    year = {2007},
    isbn = {978-1-59593-908-1},
    location = {San Diego, California, USA},
    pages = {43--56},
    numpages = {14},
    url = {http://doi.acm.org/10.1145/1298306.1298313},
    doi = {10.1145/1298306.1298313},
    acmid = {1298313},
    publisher = {ACM},
    address = {New York, NY, USA},
    keywords = {broadband access networks, cable, dsl, network measurement},
} 

@techreport{teisha02,
	Author = {Teitelbaum, B. and Shalunov, S.},
	Citeulike-Article-Id = {10404477},
	Citeulike-Linkout-0 = {http://qos.internet2.edu/wg/documents-informational/20020503-premium-problems-non-architectural.html},
	Institution = {Internet2},
	Month = may,
	Posted-At = {2012-03-02 11:53:40},
	Priority = {0},
	Title = {{Why Premium IP Service Has Not Deployed (and Probably Never Will) }},
	Url = {http://qos.internet2.edu/wg/documents-informational/20020503-premium-problems-non-architectural.html},
	Year = {2002},
	Bdsk-Url-1 = {http://qos.internet2.edu/wg/documents-informational/20020503-premium-problems-non-architectural.html}}

@inproceedings{honda:2011ci,
    author = {Honda, M. and Nishida, Y. and Raiciu, C. and Greenhalgh, A. and Handley, M. and Tokuda, H.},
    title = {{Is It Still Possible to Extend {TCP}?}},
    booktitle = {Proceedings of the 2011 ACM SIGCOMM Conference on Internet Measurement Conference},
    series = {IMC '11},
    year = {2011},
    isbn = {978-1-4503-1013-0},
    location = {Berlin, Germany},
    pages = {181--194},
    numpages = {14},
    url = {http://doi.acm.org/10.1145/2068816.2068834},
    doi = {10.1145/2068816.2068834},
    acmid = {2068834},
    publisher = {ACM},
    address = {New York, NY, USA},
    keywords = {TCP, measurements, middleboxes, protocol design},} 

@article{kobayashi:vn,
	Author = {Kobayashi, M. and Seetharaman, S. and Parulkar, G. and Appenzeller, G. and Little, J. and van Reijendam, J. and Weissmann, P. and McKeown, N.},
	Doi = {http://dx.doi.org/10.1016/j.bjp.2013.10.011},
	Issn = {1389-1286},
	Journal = {Computer Networks},
	Note = {Special issue on Future Internet Testbeds ‚{\"A}{\`\i} Part I},
	Number = {0},
	Pages = {151 - 175},
	Title = {Maturing of {OpenFlow} and Software-defined Networking through deployments},
	Url = {http://www.sciencedirect.com/science/article/pii/S138912861300371X},
	Volume = {61},
	Year = {2014},
	Bdsk-Url-1 = {http://www.sciencedirect.com/science/article/pii/S138912861300371X},
	Bdsk-Url-2 = {http://dx.doi.org/10.1016/j.bjp.2013.10.011}}

@misc{ofelia,
	Author = {Ofelia},
	Howpublished = {\url{http://www.fp7-ofelia.eu/}},
	Title = {{FP7 Ofelia}},
	Year = 2013}

@misc{lxc,
	Author = {{LXC}},
	Howpublished = {\url{http://lxc.sourceforge.net}},
	Title = {{LXC Linux Containers}},
	Year = 2013}

@misc{cs244,
	Author = {McKeown, N. and Casado, M. and Edsall, T.},
	Howpublished = {\url{http://www.stanford.edu/class/cs244/2012/}},
	Title = {{CS244: Advanced Topics in Networking, Spring 2012}},
	Year = 2012}

@misc{weissmann:va,
	Author = {Weissmann,P. and Seetharaman, S.},
	Title = {{How mature is OpenFlow to be introduced in production networks}},
	Url = {http://changeofelia.info.ucl.ac.be/pmwiki/uploads/SummerSchool/Program/session_004.pdf},
	Year = 2011,
	Bdsk-Url-1 = {http://changeofelia.info.ucl.ac.be/pmwiki/uploads/SummerSchool/Program/session_004.pdf}}

@misc{pttcp,
	Author = {Pratt, I.},
	Howpublished = {\url{http://www.cl.cam.ac.uk/research/srg/netos/netx/index.html}},
	Title = {{Pratt's Test TCP}},
	Year = 2002}

@inproceedings{pelkey:2011ua,
	Acmid = {2151128},
	Address = {ICST, Brussels, Belgium, Belgium},
	Author = {Pelkey, J. and Riley, G.},
	Booktitle = {Proceedings of the 4th International ICST Conference on Simulation Tools and Techniques},
	Isbn = {978-1-936968-00-8},
	Keywords = {parallel and distributed discrete event network simulation, scalability},
	Location = {Barcelona, Spain},
	Numpages = {5},
	Pages = {410--414},
	Publisher = {ICST (Institute for Computer Sciences, Social-Informatics and Telecommunications Engineering)},
	Series = {SIMUTools '11},
	Title = {{Distributed simulation with MPI in ns-3}},
	Url = {http://dl.acm.org/citation.cfm?id=2151054.2151128},
	Year = {2011},
	Bdsk-Url-1 = {http://dl.acm.org/citation.cfm?id=2151054.2151128}}

@manual{x.213,
	Author = {{ISO/IEC}},
	Note = {{ISO/IEC} FCD , ITU-T Recommendation X.213},
	Number = {ISO/IEC FCD 8348, ITU-T X.213},
	Title = {{ISO/IEC FCD 8348, ITU-T Rec. X.213} -- {I}nformation technology -- {O}pen distributed processing -- {U}se of {UML} for {ODP} system specifications},
	Year = 2001}

@manual{x.233,
	Author = {{ISO/IEC}},
	Note = {{ISO/IEC} FCD , ITU-T Recommendation X.233},
	Number = {ISO/IEC FCD 8878, ITU-T X.233},
	Title = {{ISO/IEC FCD 8878, ITU-T Rec. X.233} -- {I}nformation technology -- {O}pen distributed processing -- {U}se of {UML} for {ODP} system specifications},
	Year = 1997}

@article{siu95,
	Acmid = {210616},
	Address = {New York, NY, USA},
	Author = {Siu, K.-Y. and Jain, R.},
	Doi = {10.1145/210613.210616},
	Issn = {0146-4833},
	Issue_Date = {April 1995},
	Journal = {SIGCOMM Comput. Commun. Rev.},
	Month = apr,
	Number = {2},
	Numpages = {15},
	Pages = {6--20},
	Publisher = {ACM},
	Title = {A brief overview of {ATM}: protocol layers, {LAN} emulation, and traffic management},
	Url = {http://doi.acm.org/10.1145/210613.210616},
	Volume = {25},
	Year = {1995},
	Bdsk-Url-1 = {http://doi.acm.org/10.1145/210613.210616},
	Bdsk-Url-2 = {http://dx.doi.org/10.1145/210613.210616}}

@inproceedings{hatonen10,
	Acmid = {1879174},
	Address = {New York, NY, USA},
	Author = {Hatonen, S. and Nyrhinen, A. and Eggert, L. and Strowes, S. and Sarolahti, P. and Kojo, M.},
	Booktitle = {Proceedings of the 10th ACM SIGCOMM conference on Internet measurement},
	Date-Modified = {2014-03-17 18:12:38 +0000},
	Doi = {10.1145/1879141.1879174},
	Isbn = {978-1-4503-0483-2},
	Keywords = {behavior, characteristics, home gateways, measurements},
	Location = {Melbourne, Australia},
	Numpages = {7},
	Pages = {260--266},
	Publisher = {ACM},
	Series = {IMC '10},
	Title = {An experimental study of home gateway characteristics},
	Url = {http://doi.acm.org/10.1145/1879141.1879174},
	Year = {2010},
	Bdsk-Url-1 = {http://doi.acm.org/10.1145/1879141.1879174},
	Bdsk-Url-2 = {http://dx.doi.org/10.1145/1879141.1879174}}

@article{hahn06,
	Author = {Hahn, R. W and Wallsten, S.},
	Journal = {The Economists' Voice},
	Number = {6},
	Title = {The economics of net neutrality},
	Volume = {3},
	Year = {2006}}

@misc{virgin-caps,
	Author = {{Virgin Media}},
	Howpublished = {\url{http://help.virginmedia.com/system/selfservice.controller?CMD=VIEW_ARTICLE&ARTICLE_ID=2781}},
	Title = {{Cable traffic management policy}},
	Year = 2014}

@misc{bt-caps,
	Author = {{British Telecoms}},
	Howpublished = {\url{http://bt.custhelp.com/app/answers/detail/a_id/10495/~/broadband-usage-policy}},
	Title = {Broadband usage policy},
	Year = 2013}

@misc{canada-subscription,
	Author = {{Broadband Canada Program}},
	Howpublished = {\url{http://www.ic.gc.ca/eic/site/719.nsf/eng/h_00004.html}},
	Title = {{Broadband Canada: Connecting Rural Canadians - Frequently Asked Questions}},
	Year = 2013}

@misc{backhaul-cost,
	Author = {{Carrier Ethernet News}},
	Howpublished = {\url{http://www.carrierethernetnews.com/articles/319137/upgrading-to-bigger-backhaul-bandwidth-for-dslams/}},
	Title = {{Upgrading to Bigger Backhaul Bandwidth for DSLAMs}},
	Year = 2011}

@misc{sky-oversubscription,
	Author = {Leach, A.},
	Howpublihsed = {\url{http://www.theregister.co.uk/2013/01/22/sky_broadband_adding_customers_first_capacity_after/}},
	Title = {{Greedy Sky admits: We crippled broadband with TOO MANY users}},
	Year = 2013}

@misc{cisco-asr-qos,
	Author = {Cisco},
	Howpublished = {\url{http://www.cisco.com/en/US/prod/collateral/routers/ps9853/data_sheet_c78-501338.html}},
	Title = {{Cisco ASR 9000 Series Ethernet Line Cards}},
	Year = 2012}

@misc{netfilter,
	Author = {{netfilter.org project}},
	Title = {libnetfilter conntrack project},
	howpublished = {\url{http://www.netfilter.org/projects/libnetfilter_conntrack/index.html}},
	ignUrl = {{http://www.netfilter.org/projects/libnetfilter_conntrack/index.html}},
	Year = 2010,
	Bdsk-Url-1 = {%7Bhttp://www.netfilter.org/projects/libnetfilter_conntrack/index.html%7D}}

@misc{win-wfp,
	Author = {{Microsoft}},
	Title = {Windows Filtering Platform},
	howpublished = {\url{http://msdn.microsoft.com/en-us/library/windows/desktop/aa366510.aspx}},
	ignUrl = {http://msdn.microsoft.com/en-us/library/windows/desktop/aa366510.aspx},
	Year = 2012,
	Bdsk-Url-1 = {http://msdn.microsoft.com/en-us/library/windows/desktop/aa366510.aspx}}

@inproceedings{akella2003,
	Acmid = {948219},
	Address = {New York, NY, USA},
	Author = {Akella, A. and Seshan, S. and Shaikh, A.},
	Booktitle = {Proceedings of the 3rd ACM SIGCOMM conference on Internet measurement},
	Date-Modified = {2014-05-28 16:28:14 +0000},
	Doi = {10.1145/948205.948219},
	Isbn = {1-58113-773-7},
	Location = {Miami Beach, FL, USA},
	Numpages = {14},
	Pages = {101--114},
	Publisher = {ACM},
	Series = {IMC '03},
	Title = {An empirical evaluation of wide-area internet bottlenecks},
	Url = {http://doi.acm.org/10.1145/948205.948219},
	Year = {2003},
	Bdsk-Url-1 = {http://doi.acm.org/10.1145/948205.948219},
	Bdsk-Url-2 = {http://dx.doi.org/10.1145/948205.948219}}

@inproceedings{Krishnamurthy2009,
    author = {Krishnamurthy, B. and Wills, C. E.},
    title = {{On the Leakage of Personally Identifiable Information via Online Social Networks}},
    booktitle = {Proceedings of the 2Nd ACM Workshop on Online Social Networks},
    series = {WOSN '09},
    year = {2009},
    isbn = {978-1-60558-445-4},
    location = {Barcelona, Spain},
    pages = {7--12},
    numpages = {6},
    url = {http://doi.acm.org/10.1145/1592665.1592668},
    doi = {10.1145/1592665.1592668},
    acmid = {1592668},
    publisher = {ACM},
    address = {New York, NY, USA},
    keywords = {online social networks, personally identifiable information, privacy},} 

@inproceedings{wittie2010,
	Acmid = {1921201},
	Address = {New York, NY, USA},
	Articleno = {25},
	Author = {Wittie, Mike P. and Pejovic, V. and Deek, L. and Almeroth, K. C. and Zhao, B. Y.},
	Booktitle = {Proceedings of the 6th International Conference},
	Doi = {10.1145/1921168.1921201},
	Isbn = {978-1-4503-0448-1},
	Location = {Philadelphia, Pennsylvania},
	Numpages = {12},
	Pages = {25:1--25:12},
	Publisher = {ACM},
	Series = {Co-NEXT '10},
	Title = {Exploiting locality of interest in online social networks},
	Url = {http://doi.acm.org/10.1145/1921168.1921201},
	Year = {2010},
	Bdsk-Url-1 = {http://doi.acm.org/10.1145/1921168.1921201},
	Bdsk-Url-2 = {http://dx.doi.org/10.1145/1921168.1921201}}

@article{madhavapeddy2013,
	Acmid = {2451167},
	Address = {New York, NY, USA},
	Author = {Madhavapeddy, A. and Mortier, R. and Rotsos, C. and Scott, D. and Singh, B. and Gazagnaire, T. and Smith, S. and Hand, S. and Crowcroft, J.},
	Doi = {10.1145/2499368.2451167},
	Issn = {0362-1340},
	Issue_Date = {April 2013},
	Journal = {SIGPLAN Not.},
	Keywords = {functional programming, hypervisor, microkernel},
	Month = mar,
	Number = {4},
	Numpages = {12},
	Pages = {461--472},
	Publisher = {ACM},
	Title = {{Unikernels: Library Operating Systems for the Cloud}},
	Url = {http://doi.acm.org/10.1145/2499368.2451167},
	Volume = {48},
	Year = {2013},
	Bdsk-Url-1 = {http://doi.acm.org/10.1145/2499368.2451167},
	Bdsk-Url-2 = {http://dx.doi.org/10.1145/2499368.2451167}}

@techreport{cai2011,
	Author = {Cai, Z. and Cox, A. L. and Ng, T. S. E.},
	Institution = {Rice University},
    Number={TR11-07},
	Title = {{M}aestro: balancing fairness, latency and throughput in the {OpenFlow} control plane},
	Year = {2011},
    Url = {http://www.cs.rice.edu/~eugeneng/papers/Maestro-TR11.pdf},}

@inproceedings{recordon06,
	Acmid = {1179532},
	Address = {New York, NY, USA},
	Author = {Recordon, D. and Reed, D.},
	Booktitle = {Proceedings of the 2nd ACM workshop on Digital identity management},
	Doi = {10.1145/1179529.1179532},
	Isbn = {1-59593-547-9},
	Keywords = {authentication, authorization, identity, open source, open standard, user-centric},
	Location = {Alexandria, Virginia, USA},
	Numpages = {6},
	Pages = {11--16},
	Publisher = {ACM},
	Series = {DIM '06},
	Title = {{OpenID} 2.0: a platform for user-centric identity management},
	Url = {http://doi.acm.org/10.1145/1179529.1179532},
	Year = {2006},
	Bdsk-Url-1 = {http://doi.acm.org/10.1145/1179529.1179532},
	Bdsk-Url-2 = {http://dx.doi.org/10.1145/1179529.1179532}}

@misc{planetlab,
	Author = {{PlanetLab}},
	Title = {{PlanetLab: An open platform for developing, deploying and accessing planetary-scale services}},
	Url = {http://www.planet-lab.org},
	Year = 2007,
	Bdsk-Url-1 = {http://www.planet-lab.org}}

@misc{baremetalos,
	Author = {{Return Infinity}},
	Howpublished = {\url{http://www.returninfinity.com/baremetal.html}},
	Title = {{BareMetalOS}},
	Year = 2013}

@misc{cbench,
	author = {Cbench},
	Title = {{Cbench: controller benchmark}},
	howpublished = {\url{http://docs.projectfloodlight.org/display/floodlightcontroller/Cbench}},
    note = {Online; accessed February 2014} ,
    year = 2010}

@misc{dag_card,
	Author = {Endace},
	Howpublished = {\url{http://www.endace.com/endace-dag-high-speed-packet-capture-cards.html}},
	Title = {{DAG Cards}},
    note = {Online; accessed February 2014} ,
	Year = 2012}

@inproceedings{varga2008,
	Acmid = {1416290},
	Address = {ICST, Brussels, Belgium, Belgium},
	Articleno = {60},
	Author = {Varga, A. and Hornig, R.},
	Booktitle = {Proceedings of the 1st international conference on Simulation tools and techniques for communications, networks and systems \& workshops},
	Isbn = {978-963-9799-20-2},
	Keywords = {computer systems, discrete simulation, hierarchical, integrated development environment, network simulation, performance analysis, simulation tools, telecommunications},
	Location = {Marseille, France},
	Numpages = {10},
	Pages = {60:1--60:10},
	Publisher = {ICST (Institute for Computer Sciences, Social-Informatics and Telecommunications Engineering)},
	Series = {Simutools '08},
	Title = {An overview of the {OMNeT++} simulation environment},
	Url = {http://dl.acm.org/citation.cfm?id=1416222.1416290},
	Year = {2008},
	Bdsk-Url-1 = {http://dl.acm.org/citation.cfm?id=1416222.1416290}}

@book{issariyakul2012,
	Author = {Issariyakul, T.},
	Publisher = {Springer Science+ Business Media},
	Title = {Introduction to network simulator {NS2}},
	Year = {2012}}

@inproceedings{henderson2006,
	Acmid = {1190468},
	Address = {New York, NY, USA},
	Articleno = {13},
	Author = {Henderson, T. R. and Roy, S. and Floyd, S. and Riley, G. F.},
	Booktitle = {{Proceedings of the 2006 workshop on ns-2: the IP network simulator}},
	Doi = {10.1145/1190455.1190468},
	Isbn = {1-59593-508-8},
	Location = {Pisa, Italy},
	Publisher = {ACM},
	Series = {WNS2 '06},
	Title = {ns-3 project goals},
	Url = {http://doi.acm.org/10.1145/1190455.1190468},
	Year = {2006},
	Bdsk-Url-1 = {http://doi.acm.org/10.1145/1190455.1190468},
	Bdsk-Url-2 = {http://dx.doi.org/10.1145/1190455.1190468}}

@misc{hp-asic,
	Author = {HP},
	Howpublished = {\url{http://www.hp.com/rnd/itmgrnews/built_for_future.htm}},
	Month = jan,
	Title = {{ProVision\texttrademark ASIC: Built for the future}},
    note = {Online; accessed February 2014} ,
	Year = 2012}

@misc{juniper_t_series,
	Author = {Juniper},
	Howpublished = {\url{http://www.slideshare.net/junipernetworks/t-series-core-router-architecture-review-whitepaper}},
	Title = {{T-series core router architecture overview}},
    note = {Online; accessed February 2014} ,
	Year = 2012}

@book{armitage2006networking,
	Author = {Armitage, G. and Claypool, M. and Branch, P.},
	Publisher = {Wiley. com},
	Title = {Networking and online games: understanding and engineering multiplayer Internet games},
	Year = {2006}}

@techreport{pouwelse2004,
	Author = {Pouwelse, J. A. and Garbacki, P. and Epema, D. and Sips, H. J.},
	Institution = {Delft University of Technology, The Netherlands},
    Number={PDS-2004-003},
	Title = {A measurement study of the {BitTorrent} peer-to-peer file-sharing system},
	Year = {2004}}

@inproceedings{rasti07,
	Author = {Rasti, A. H. and Rejaie, R.},
	Booktitle = {Proceedings of the 16th International Conference on Computer Communications and Networks, 2007}, 
    Series = {ICCCN'07},
	Doi = {10.1109/ICCCN.2007.4317805},
	Issn = {1095-2055},
	Pages = {109-114},
	Title = {Understanding Peer-level Performance in {BitTorrent}: A Measurement Study},
	Year = {2007},
	Bdsk-Url-1 = {http://dx.doi.org/10.1109/ICCCN.2007.4317805}}

@inproceedings{finamore11,
	Acmid = {2068849},
	Address = {New York, NY, USA},
	Author = {Finamore, A. and Mellia, M. and Munaf\`{o}, M. M. and Torres, R. and Rao, S. G.},
	Booktitle = {Proceedings of the 2011 ACM SIGCOMM conference on Internet measurement conference},
	Doi = {10.1145/2068816.2068849},
	Isbn = {978-1-4503-1013-0},
	Keywords = {YouTube, internet measurement, mobile performance, quality of experience, video streaming},
	Location = {Berlin, Germany},
	Numpages = {16},
	Pages = {345--360},
	Publisher = {ACM},
	Series = {IMC '11},
	Title = {{YouTube} everywhere: impact of device and infrastructure synergies on user experience},
	Url = {http://doi.acm.org/10.1145/2068816.2068849},
	Year = {2011},
	Bdsk-Url-1 = {http://doi.acm.org/10.1145/2068816.2068849},
	Bdsk-Url-2 = {http://dx.doi.org/10.1145/2068816.2068849}}

@inproceedings{butkiewicz11,
	Acmid = {2068846},
	Address = {New York, NY, USA},
	Author = {Butkiewicz, M. and Madhyastha, H. V. and Sekar, V.},
	Booktitle = {Proceedings of the 2011 ACM SIGCOMM conference on Internet measurement conference},
	Doi = {10.1145/2068816.2068846},
	Isbn = {978-1-4503-1013-0},
	Keywords = {page load times, web page complexity},
	Location = {Berlin, Germany},
	Numpages = {16},
	Pages = {313--328},
	Publisher = {ACM},
	Series = {IMC '11},
	Title = {Understanding website complexity: measurements, metrics, and implications},
	Url = {http://doi.acm.org/10.1145/2068816.2068846},
	Year = {2011},
	Bdsk-Url-1 = {http://doi.acm.org/10.1145/2068816.2068846},
	Bdsk-Url-2 = {http://dx.doi.org/10.1145/2068816.2068846}}

@misc{akamai_4_seconds,
	Author = {Jupiter~Research and Akamai},
	Howpublished = {\url{http://www.akamai.com/dl/reports/Site_Abandonment_Final_Report.pdf}},
	Month = jun,
	Title = {{RETAIL WEB SITE PERFORMANCE, Consumer Reaction to a Poor Online Shopping Experience}},
    note = {Online; accessed February 2014} ,
	Year = 2006}

@misc{cisco_cef,
    Author = {Cisco},
	Howpublished = {\url{http://www.cisco.com/en/US/docs/ios/12_2/switch/configuration/guide/xcfcef.html}},
	Month = may,
	Title = {{Express Forwarding Overview}},
    note = {Online; accessed February 2014} ,
	Year = 2005}

@misc{broadcom-asic,
	Author = {Broadcom},
	Title = {Switching silicon chips},
	howpublished = {\url{http://www.broadcom.com/products/Switching/Data-Center}} ,
    note = {Online; accessed February 2014} ,
	Year = 2013,
	Bdsk-Url-1 = {http://www.broadcom.com/products/Switching/Data-Center}}

@misc{intel-asic,
	Author = {Intel},
	Title = {{Ethernet Switching Components}},
	howpublished = {\url{http://ark.intel.com/products/family/134/Intel-Ethernet-Switching-Components}},
    note = {Online; accessed February 2014} ,
	Year = 2014,
	Bdsk-Url-1 = {http://ark.intel.com/products/family/134/Intel-Ethernet-Switching-Components}}

@article{perlman1985,
	Acmid = {319004},
	Address = {New York, NY, USA},
	Author = {Perlman, R.},
	Doi = {10.1145/318951.319004},
	Issn = {0146-4833},
	Issue_Date = {Sept. 1985},
	Journal = {SIGCOMM Comput. Commun. Rev.},
	Month = sep,
	Number = {4},
	Numpages = {10},
	Pages = {44--53},
	Publisher = {ACM},
	Title = {An algorithm for distributed computation of a spanning tree in an extended {LAN}},
	Url = {http://doi.acm.org/10.1145/318951.319004},
	Volume = {15},
	Year = {1985},
	Bdsk-Url-1 = {http://doi.acm.org/10.1145/318951.319004},
	Bdsk-Url-2 = {http://dx.doi.org/10.1145/318951.319004}}

@misc{ieee_802_1d_1998,
	Author = {IEEE},
	Citeulike-Article-Id = {2770163},
	Howpublished = {\url{http://standards.ieee.org/getieee802/download/802.1D-1998.pdf}},
    note = {Online; accessed February 2014} ,
	Title = {{IEEE Std 802.1D-1998: Media Access Control (MAC) Bridges}},
	Year = 1998}

@misc{ieee_802_1d_2004,
	Author = {IEEE},
	Howpublished = {\url{http://standards.ieee.org/getieee802/download/802.1D-2004.pdf}},
	Title = {{IEEE Std 802.1D-2004: Media Access Control (MAC) Bridges}},
    note = {Online; accessed February 2014} ,
	Year = 2004}

@misc{ieee_802_1q,
	Author = {IEEE},
	Howpublished = {\url{http://www.dcs.gla.ac.uk/~lewis/teaching/802.1Q-2005.pdf}},
	Title = {{IEEE Std 802.1Q: Virtual Bridged Local Area Networks}},
    note = {Online; accessed February 2014} ,
	Year = 2005}

@misc{ieee_802_1aq,
	Author = {IEEE},
	Howpublished = {\url{http://www.ieee802.org/1/pages/802.1aq.html}},
	Title = {{IEEE 802.1 aq Shortest Path Bridging}},
    note = {Online; accessed February 2014} ,
	Year = 2006}

@misc{ieee_802_1ab,
	Author = {IEEE},
	Howpublished = {\url{http://standards.ieee.org/getieee802/download/802.1AB-2009.pdf}},
	Month = sep,
	Title = {{IEEE 802.1 ab Station and Media Access Control Connectivity Discovery}},
    note = {Online; accessed February 2014} ,
	Year = 2009}

@misc{cdp,
	Author = {Cisco},
	Howpublished = {\url{http://www.cisco.com/en/US/docs/ios-xml/ios/cdp/configuration/15-mt/nm-cdp-discover.html}},
	Month = nov,
	Title = {{Cisco Discovery Protocol Version 2}},
    note = {Online; accessed February 2014} ,
	Year = 2012}

@book{osborne02,
	Author = {Osborne, E. D. and Simha, A.},
	Publisher = {Cisco Press},
	Title = {{Traffic engineering with MPLS}},
	Year = {2002}}

@misc{pvst,
	Author = {Cisco},
	Howpublished = {\url{http://www.cisco.com/en/US/tech/tk389/tk621/tk846/tsd_technology_support_sub-protocol_home.html}},
	Title = {{Per-VLAN Spanning Tree (PVST)}},
    note = {Online; accessed February 2014} ,
	Year = 2012}

@misc{pvst+,
	Author = {Cisco},
	Howpublished = {\url{http://www.cisco.com/en/US/tech/tk389/tk621/tk847/tsd_technology_support_sub-protocol_home.html}},
	Title = {{Per-VLAN Spanning Tree Plus(PVST+)}},
    note = {Online; accessed February 2014} ,
	Year = 2012}

@inproceedings{pathak2011,
	Acmid = {2068859},
	Address = {New York, NY, USA},
	Author = {Pathak, A. and Zhang, M. and Hu, Y. C. and Mahajan, R. and Maltz, D.},
	Booktitle = {Proceedings of the 2011 ACM SIGCOMM conference on Internet measurement conference},
	Doi = {10.1145/2068816.2068859},
	Isbn = {978-1-4503-1013-0},
	Keywords = {LSP, MLPS, autobandwidth, latency},
	Location = {Berlin, Germany},
	Numpages = {10},
	Pages = {463--472},
	Publisher = {ACM},
	Series = {IMC '11},
	Title = {{Latency inflation with MPLS-based traffic engineering}},
	Url = {http://doi.acm.org/10.1145/2068816.2068859},
	Year = {2011},
	Bdsk-Url-1 = {http://doi.acm.org/10.1145/2068816.2068859},
	Bdsk-Url-2 = {http://dx.doi.org/10.1145/2068816.2068859}}

@article{djikstra1959,
	Author = {Dijkstra, E. W.},
	Doi = {10.1007/BF01386390},
	Issn = {0029-599X},
	Journal = {Numerische Mathematik},
	Language = {English},
	Number = {1},
	Pages = {269-271},
	Publisher = {Springer-Verlag},
	Title = {A note on two problems in connexion with graphs},
	Url = {http://dx.doi.org/10.1007/BF01386390},
	Volume = {1},
	Year = {1959},
	Bdsk-Url-1 = {http://dx.doi.org/10.1007/BF01386390}}

@techreport{bellman1956,
	Author = {Bellman, R.},
	Institution = {DTIC Document},
	Title = {On a routing problem},
	Year = {1956}}

@techreport{rutgers1991,
	Author = {Hedrick, C. L.},
	Institution = {The State University of New Jersey, Center for Computers and Information Services, Laboratory for Computer Science Research,},
	Month = aug,
	Title = {An Introduction to {IGRP}},
	Year = {1991}}

@inproceedings{watson2003,
	Acmid = {851939},
	Address = {Washington, DC, USA},
	Author = {Watson, D. and Jahanian, F. and Labovitz, C.},
	Booktitle = {Proceedings of the 23rd International Conference on Distributed Computing Systems},
	Isbn = {0-7695-1920-2},
	Pages = {204--},
	Publisher = {IEEE Computer Society},
	Series = {ICDCS '03},
	Title = {Experiences With Monitoring {OSPF} on a Regional Service Provider Network},
	Url = {http://dl.acm.org/citation.cfm?id=850929.851939},
	Year = {2003},
	Bdsk-Url-1 = {http://dl.acm.org/citation.cfm?id=850929.851939}}

@inproceedings{kim11,
	Acmid = {2068863},
	Address = {New York, NY, USA},
	Author = {Kim, H. and Benson, T. and Akella, A. and Feamster, N.},
	Booktitle = {Proceedings of the 2011 ACM SIGCOMM conference on Internet measurement conference},
	Doi = {10.1145/2068816.2068863},
	Isbn = {978-1-4503-1013-0},
	Keywords = {longitudinal analysis, network configuration, network evolution},
	Location = {Berlin, Germany},
	Numpages = {16},
	Pages = {499--514},
	Publisher = {ACM},
	Series = {IMC '11},
	Title = {The evolution of network configuration: a tale of two campuses},
	Url = {http://doi.acm.org/10.1145/2068816.2068863},
	Year = {2011},
	Bdsk-Url-1 = {http://doi.acm.org/10.1145/2068816.2068863},
	Bdsk-Url-2 = {http://dx.doi.org/10.1145/2068816.2068863}}

@article{kushman2007,
	Acmid = {1232927},
	Address = {New York, NY, USA},
	Author = {Kushman, N. and Kandula, S. and Katabi, D.},
	Doi = {10.1145/1232919.1232927},
	Issn = {0146-4833},
	Issue_Date = {April 2007},
	Journal = {SIGCOMM Comput. Commun. Rev.},
	Keywords = {BGP, MOS, PESQ, VoIP, burst losses},
	Month = mar,
	Number = {2},
	Numpages = {10},
	Pages = {75--84},
	Publisher = {ACM},
	Title = {Can you hear me now?!: it must be {BGP}},
	Url = {http://doi.acm.org/10.1145/1232919.1232927},
	Volume = {37},
	Year = {2007},
	Bdsk-Url-1 = {http://doi.acm.org/10.1145/1232919.1232927},
	Bdsk-Url-2 = {http://dx.doi.org/10.1145/1232919.1232927}}

@misc{bgp_config_error,
	Author = {Brown, M. A.},
	Howpublished = {\url{http://www.renesys.com/blog/2008/02/pakistan_hijacks_youtube_1.shtml}},
	Title = {{Pakistan hijacks YouTube}},
    note = {Online; accessed February 2014} ,
	Year = 2008}

@article{rooney1998,
	Author = {Rooney, S. and van der Merwe, J. E. and Crosby, S. A. and Leslie, I. M.},
	Doi = {10.1109/35.722136},
	Issn = {0163-6804},
	Journal = {Communications Magazine, IEEE},
	Number = {10},
	Pages = {42-53},
	Title = {{The Tempest: a framework for safe, resource assured, programmable networks}},
	Volume = {36},
	Year = {1998},
	Bdsk-Url-1 = {http://dx.doi.org/10.1109/35.722136}}

@inproceedings{rooney1997,
	Acmid = {280084},
	Address = {London, UK, UK},
	Author = {Rooney, S.},
	Booktitle = {Proceedings of the 5th IFIP/IEEE international symposium on Integrated network management},
	Isbn = {0-412-80960-5},
	Keywords = {ATM, delegated control, distributed processing},
	Location = {San Diego, California, USA},
	Numpages = {12},
	Pages = {369--380},
	Publisher = {Chapman \& Hall, Ltd.},
	Title = {{T}he {H}ollowman: an innovative {ATM} control architecture},
	Url = {http://dl.acm.org/citation.cfm?id=280039.280084},
	Year = {1997},
	Bdsk-Url-1 = {http://dl.acm.org/citation.cfm?id=280039.280084}}

@misc{dcan,
	Author = {{DCAN~project}},
	Howpublished = {\url{http://www.cl.cam.ac.uk/research/srg/netos/old-projects/dcan/}},
	Key = {DCAN},
	Title = {{Devolved Control of ATM Networks}},
    note = {Online; accessed February 2014} ,
	Year = 2000}

@techreport{Merwe98,
	ignAddress = {15 JJ Thomson Avenue, Cambridge CB3 0FD, United Kingdom, phone +44 1223 763500},
	Author = {van der Merwe, J. E.},
	Institution = {University of Cambridge, Computer Laboratory},
	Month = nov,
	Number = {UCAM-CL-TR-450},
	Title = {{Open service support for ATM}},
	Year = 1998}

@article{lewis1998,
	Author = {Lewis, J. T. and Russell, R. and Toomey, F. and McGurk, B. and Crosby, S. and Leslie, I. M.},
	Doi = {10.1016/S0140-3664(98)00224-2},
	Issn = {0140-3664},
	Journal = {Computer Communications},
	Number = {17},
	Pages = {1585 - 1596},
	Title = {{Practical connection admission control for ATM networks based on on-line measurements}},
	Url = {http://www.sciencedirect.com/science/article/pii/S0140366498002242},
	Volume = {21},
	Year = {1998},
	Bdsk-Url-1 = {http://www.sciencedirect.com/science/article/pii/S0140366498002242},
	Bdsk-Url-2 = {http://dx.doi.org/10.1016/S0140-3664(98)00224-2}}

@article{crosby2002,
	Acmid = {774754},
	Address = {New York, NY, USA},
	Author = {Crosby, S. and Rooney, S. and Isaacs, R. and Bos, H.},
	Doi = {10.1145/774749.774754},
	Issn = {0146-4833},
	Issue_Date = {November 2002},
	Journal = {SIGCOMM Comput. Commun. Rev.},
	Month = nov,
	Number = {5},
	Numpages = {4},
	Pages = {25--28},
	Publisher = {ACM},
	Title = {A perspective on how {ATM} lost control},
	Url = {http://doi.acm.org/10.1145/774749.774754},
	Volume = {32},
	Year = {2002},
	Bdsk-Url-1 = {http://doi.acm.org/10.1145/774749.774754},
	Bdsk-Url-2 = {http://dx.doi.org/10.1145/774749.774754}}

@article{omalley1992,
	Acmid = {128901},
	Address = {New York, NY, USA},
	Author = {O'Malley, S. W. and Peterson, L. L.},
	Doi = {10.1145/128899.128901},
	Issn = {0734-2071},
	Issue_Date = {May 1992},
	Journal = {ACM Trans. Comput. Syst.},
	Keywords = {composibility, dynamic configuration, reuse},
	Month = may,
	Number = {2},
	Numpages = {34},
	Pages = {110--143},
	Publisher = {ACM},
	Title = {A dynamic network architecture},
	Url = {http://doi.acm.org/10.1145/128899.128901},
	Volume = {10},
	Year = {1992},
	Bdsk-Url-1 = {http://doi.acm.org/10.1145/128899.128901},
	Bdsk-Url-2 = {http://dx.doi.org/10.1145/128899.128901}}

@misc{darpa_active_net,
	Author = {{DARPA}},
	Howpublished = {\url{http://www.sds.lcs.mit.edu/darpa-activenet/}},
	Month = apr,
	Title = {{Active Networks}},
    note = {Online; accessed February 2014} ,
	Year = 1997}

@unpublished{alexander1997a,
	Author = {Alexander, D S. and Braden, B. and Gunter, Carl A and Jackson, Alden W and Keromytis, Angelos D and Minden, Gary J and Wetherall, D.},
	Howpublished = {\url{http://www. cis. upenn. edu/switchware/ANEP/docs/ANEP. txt}},
	Note = {Experimental},
	Title = {{Active Network Encapsulation Protocol (ANEP)}},
	Year = {1997}}

@inproceedings{wetherall1998,
	Author = {Wetherall, D. J. and Guttag, J. V. and Tennenhouse, D.L.},
	Booktitle = {Open Architectures and Network Programming, 1998 IEEE},
	Pages = {117-129},
	Title = {{ANTS}: a toolkit for building and dynamically deploying network protocols},
	Year = {1998}}

@article{schwartz2000,
	Acmid = {332893},
	Address = {New York, NY, USA},
	Author = {Schwartz, B. and Jackson, A. W. and Strayer, W. T. and Zhou, W. and Rockwell, R. D. and Partridge, C.},
	Doi = {10.1145/332799.332893},
	Issn = {0734-2071},
	Issue_Date = {Feb. 2000},
	Journal = {ACM Trans. Comput. Syst.},
	Keywords = {active networks},
	Month = feb,
	Number = {1},
	Numpages = {22},
	Pages = {67--88},
	Publisher = {ACM},
	Title = {Smart packets: applying active networks to network management},
	Url = {http://doi.acm.org/10.1145/332799.332893},
	Volume = {18},
	Year = {2000},
	Bdsk-Url-1 = {http://doi.acm.org/10.1145/332799.332893},
	Bdsk-Url-2 = {http://dx.doi.org/10.1145/332799.332893}}

@article{hicks1998,
	Acmid = {289431},
	Address = {New York, NY, USA},
	Author = {Hicks, M. and Kakkar, P. and Moore, J. T. and Gunter, C. A. and Nettles, S.},
	Doi = {10.1145/291251.289431},
	Issn = {0362-1340},
	Issue_Date = {Jan. 1999},
	Journal = {SIGPLAN Not.},
	Month = sep,
	Number = {1},
	Numpages = {8},
	Pages = {86--93},
	Publisher = {ACM},
	Title = {{PLAN}: a packet language for active networks},
	Url = {http://doi.acm.org/10.1145/291251.289431},
	Volume = {34},
	Year = {1998},
	Bdsk-Url-1 = {http://doi.acm.org/10.1145/291251.289431},
	Bdsk-Url-2 = {http://dx.doi.org/10.1145/291251.289431}}

@inproceedings{merugu1999,
	Author = {Merugu, S. and Bhattacharjee, S. and Chae, Y. and Sanders, M. and Calvert, K. and Zegura, E.},
	Booktitle = {Proceedings of the annual Allerton conference on communication control and computing},
	Organization = {Citeseer},
	Pages = {147--156},
	Title = {{B}owman and {CANEs}: Implementation of an active network},
	Volume = {37},
	Year = {1999}}

@article{alexander1998,
	Acmid = {2329247},
	Address = {Piscataway, NJ, USA},
	Author = {Alexander, D. S. and Arbaugh, W. A. and Hicks, M. W. and Kakkar, P. and Keromytis, A. D. and Moore, J. T. and Gunter, C. A. and Nettles, S. M. and Smith, J. M.},
	Doi = {10.1109/65.690959},
	Issn = {0890-8044},
	Issue_Date = {May 1998},
	Journal = {Netwrk. Mag. of Global Internetwkg.},
	Month = may,
	Number = {3},
	Numpages = {8},
	Pages = {29--36},
	Publisher = {IEEE Press},
	Title = {The {SwitchWare} active network architecture},
	Url = {http://dx.doi.org/10.1109/65.690959},
	Volume = {12},
	Year = {1998},
	Bdsk-Url-1 = {http://dx.doi.org/10.1109/65.690959}}

@article{alexander1998b,
	Author = {Alexander, D.S. and Arbaugh, W.A. and Keromytis, A.D. and Smith, J.M.},
	Doi = {10.1109/35.722141},
	Issn = {0163-6804},
	Journal = {Communications Magazine, IEEE},
	Number = {10},
	Pages = {84-92},
	Title = {Safety and security of programmable network infrastructures},
	Volume = {36},
	Year = {1998},
	Bdsk-Url-1 = {http://dx.doi.org/10.1109/35.722141}}

@inproceedings{hicks1999,
	Author = {Hicks, M. and Moore, J.T. and Alexander, D.S. and Gunter, C.A. and Nettles, S.M.},
	Booktitle = {Proceedings of the 18th Annual Joint Conference of the IEEE Computer and Communications Societies},
    Series = {INFOCOM'99}, 
    Doi = {10.1109/INFCOM.1999.751668},
	Issn = {0743-166X},
	Pages = {1124-1133 vol.3},
	Title = {{PLANet}: an active internetwork},
	Volume = {3},
	Year = {1999},
	Bdsk-Url-1 = {http://dx.doi.org/10.1109/INFCOM.1999.751668}}

@inproceedings{alexander1997b,
	Acmid = {263149},
	Address = {New York, NY, USA},
	Author = {Alexander, D. S. and Shaw, M. and Nettles, S. M. and Smith, J. M.},
	Booktitle = {Proceedings of the ACM SIGCOMM '97 conference on Applications, technologies, architectures, and protocols for computer communication},
	Doi = {10.1145/263105.263149},
	Isbn = {0-89791-905-X},
	Location = {Cannes, France},
	Numpages = {11},
	Pages = {101--111},
	Publisher = {ACM},
	Series = {SIGCOMM '97},
	Title = {Active bridging},
	Url = {http://doi.acm.org/10.1145/263105.263149},
	Year = {1997},
	Bdsk-Url-1 = {http://doi.acm.org/10.1145/263105.263149},
	Bdsk-Url-2 = {http://dx.doi.org/10.1145/263105.263149}}

@inproceedings{chae2002,
	Acmid = {874134},
	Address = {Washington, DC, USA},
	Author = {Chae, Y. and Zegura, E.},
	Booktitle = {Proceedings of the 2002 DARPA Active Networks Conference and Exposition},
	Isbn = {0-7695-1564-9},
	Pages = {255--},
	Publisher = {IEEE Computer Society},
	Series = {DANCE '02},
	Title = {{CANEs}: An Execution Environment for Composable Services},
	Url = {http://dl.acm.org/citation.cfm?id=874028.874134},
	Year = {2002},
	Bdsk-Url-1 = {http://dl.acm.org/citation.cfm?id=874028.874134}}

@inproceedings{montz1995,
	Author = {Montz, A.B. and Mosberger, D. and O'Mally, S.W. and Peterson, L.L. and Proebsting, T.A.},
	Booktitle = {Proceedings of the 5th Workshop on Hot Topics in Operating Systems, 1995. (HotOS-V)},
	Doi = {10.1109/HOTOS.1995.513455},
	Pages = {58-61},
	Title = {Scout: a communications-oriented operating system},
	Year = {1995},
	Bdsk-Url-1 = {http://dx.doi.org/10.1109/HOTOS.1995.513455}}

@article{hartman1999,
	Author = {Hartman, J. J. and Bigot, P. A. and Bridges, P. and Montz, B. and Piltz, R. and Spatscheck, O. and Proebsting, T. A. and Peterson, L. L. and Bavier, A.},
	Doi = {10.1109/2.755005},
	Issn = {0018-9162},
	Journal = {Computer},
	Number = {4},
	Pages = {50-56},
	Title = {Joust: a platform for liquid software},
	Volume = {32},
	Year = {1999},
	Bdsk-Url-1 = {http://dx.doi.org/10.1109/2.755005}}

@article{dasilva2001,
	Author = {da Silva, S. and Yemini, Y. and Florissi, D.},
	Doi = {10.1109/49.917713},
	Issn = {0733-8716},
	Journal = {Selected Areas in Communications, IEEE Journal on},
	Number = {3},
	Pages = {538-551},
	Title = {The {NetScript} active network system},
	Volume = {19},
	Year = {2001},
	Bdsk-Url-1 = {http://dx.doi.org/10.1109/49.917713}}

@article{decasper1999,
	Author = {Decasper, D. S. and Plattner, B. and Parulkar, G. M. and Sumi C. and DeHart, J. D. and Wolf, T.},
	Doi = {10.1109/65.750445},
	Issn = {0890-8044},
	Journal = {Network, IEEE},
	Number = {1},
	Pages = {8-19},
	Title = {A scalable high-performance active network node},
	Volume = {13},
	Year = {1999},
	Bdsk-Url-1 = {http://dx.doi.org/10.1109/65.750445}}

@inproceedings{al-fares08,
	Acmid = {1402967},
	Address = {New York, NY, USA},
	Author = {Al-Fares, M. and Loukissas, A. and Vahdat, A.},
	Booktitle = {Proceedings of the ACM SIGCOMM 2008 conference on Data communication},
	Doi = {10.1145/1402958.1402967},
	Isbn = {978-1-60558-175-0},
	Keywords = {data center topology, equal-cost routing},
	Location = {Seattle, WA, USA},
	Numpages = {12},
	Pages = {63--74},
	Publisher = {ACM},
	Series = {SIGCOMM '08},
	Title = {A scalable, commodity data center network architecture},
	Url = {http://doi.acm.org/10.1145/1402958.1402967},
	Year = {2008},
	Bdsk-Url-1 = {http://doi.acm.org/10.1145/1402958.1402967},
	Bdsk-Url-2 = {http://dx.doi.org/10.1145/1402958.1402967}}

@misc{sdn,
	Author = {{Open Network Foundation}},
	Date-Modified = {2014-05-27 23:23:01 +0000},
	Howpublished = {\url{https://www.opennetworking.org/images/stories/downloads/sdn-resources/white-papers/wp-sdn-newnorm.pdf}},
	Title = {{Software-Defined Networking: The New Norm for Networks}},
    note = {Online; accessed February 2014} ,
	Year = 2012}

@misc{google_of,
	Author = {{Google}},
	Howpublished = {\url{http://www.opennetsummit.org/archives/apr12/hoelzle-tue-openflow.pdf}},
	Title = {{OpenFlow @ Google}},
    note = {Online; accessed February 2014} ,
	Year = 2013}

@INPROCEEDINGS{jarschel2012,
    author={Jarschel, M. and Lehrieder, F. and Magyari, Z. and Pries, R.}, 
    booktitle={Proceedings of the European Workshop on Software Defined Networking (EWSDN), 2012 }, 
    title={{A Flexible OpenFlow-Controller Benchmark}}, 
    year={2012}, 
    month={Oct}, 
    pages={48-53}, 
    doi={10.1109/EWSDN.2012.15},}

@misc{floodlight,
	Howpublished = {\url{http://www.projectfloodlight.org/floodlight/}},
	Author = {Big Switch},
	Title = {{Floodlight OpenFlow Controller}},
	Year = 2013}

@misc{nodeflow,
	Author = {Berger, G.},
	Howpublished = {\url{http://garyberger.net/?p=537}},
	Title = {{NodeFlow: An OpenFlow Controller Node Style}},
    note = {Online; accessed February 2014} ,
	Year = 2012}

@misc{trema,
	Author = {Trema},
	Howpublished = {{http://trema.github.io/trema/}},
	Title = {{Trema: Full-Stack OpenFlow Framework in Ruby and C}},
    note = {Online; accessed February 2014} ,
	Year = 2011}

@techreport{nettle,
	Author = {Voellmy, A. and Agarwal, A. and Hudak, P.},
	Institution = {Yale University},
	Month = {July},
	Number = {YALEU/DCS/RR-1431},
	Title = {{Nettle: Functional Reactive Programming for OpenFlow Networks}},
	Year = {2010}}

@misc{pox,
	Author = {Pox},
	Howpublished = {\url{http://www.noxrepo.org/pox/about-pox/}},
	Title = {{About Pox}},
    note = {Online; accessed February 2014} ,
	Year = 2012}

@misc{mul,
	Author = {Dipjyoti, S.},
	Howpublished = {\url{http://sourceforge.net/projects/mul/}},
	Mon = feb,
	Title = {{Mul OpenFlow controller}},
    note = {Online; accessed February 2014} ,
	Year = 2013}

@misc{xapi,
	Author = {{Xen Project}},
	Howpublished = {\url{http://www.xenproject.org/developers/teams/xapi.html}},
	Title = {{XAPI}},
    note = {Online; accessed February 2014} ,
	Year = 2013}

@article{barham2003,
	Acmid = {945462},
	Address = {New York, NY, USA},
	Author = {Barham,P. and Dragovic, B. and Fraser, K. and Hand, S. and Harris, T. and Ho, A. and Neugebauer, R. and Pratt, I. M. and Warfield, A.},
	Doi = {10.1145/1165389.945462},
	Issn = {0163-5980},
	Issue_Date = {December 2003},
	Journal = {SIGOPS Oper. Syst. Rev.},
	Month = oct,
	Number = {5},
	Numpages = {14},
	Pages = {164--177},
	Publisher = {ACM},
	Title = {{Xen and the Art of Virtualization}},
	Url = {http://doi.acm.org/10.1145/1165389.945462},
	Volume = {37},
	Year = {2003},
	Bdsk-Url-1 = {http://doi.acm.org/10.1145/1165389.945462},
	Bdsk-Url-2 = {http://dx.doi.org/10.1145/1165389.945462}}

@misc{beacon-facebook,
	Author = {J. C. Perez}, 
	Howpublished = {\url{http://www.pcworld.com/article/140182/article.html}},
	Month = nov,
	Title = {{Facebook's Beacon More Intrusive Than Previously Thought}},
    note = {Online; accessed February 2014} ,
	Year = 2007}

@misc{facebook-nsa,
	Author = {Greenwald, G. and MacAskill, E.},
	Howpublished = {\url{http://www.guardian.co.uk/world/2013/jun/06/us-tech-giants-nsa-data}},
	Month = jun,
	Title = {{NSA Prism program taps in to user data of Apple, Google and others}},
    note = {Online; accessed February 2014} ,
	Year = 2013}

@misc{cnet-dropbox,
	Author = {McCullagh, D.},
	Howpublished = {\url{http://cnet.co/kvVbpz}},
	Mon = jun,
	Title = {{D}ropbox confirms security glitch--no password required},
    note = {Online; accessed February 2014} ,
	Year = 2011}

@misc{tuntap,
	Author = {M. Krasnyansky and M. Yevmenkin and F. Thiel},
	Howpublished = {\url{https://www.kernel.org/doc/Documentation/networking/tuntap.txt}},
	Title = {{Universal TUN/TAP device driver}},
    note = {Online; accessed February 2014} ,
	Year = 2002}

@misc{privoxy,
	Author = {Privoxy},
	Howpublished = {\url{http://privoxy.org}},
	Title = {{Privoxy - Home Page}},
    note = {Online; accessed February 2014} ,
	Year = 2013}

@article{dingledine2006,
	Author = {Dingledine, R. and Mathewson, N.},
	Journal = {The Tor Project, Technical Report},
	Pages = {15--16},
	Title = {Design of a blocking-resistant anonymity system},
	Volume = {11},
	Year = {2006}}

@misc{git-annex,
	Howpublished = {\url{http://git-annex.branchable.com}},
	Author = {git-annex},
	Title = {{git-annex}},
    note = {Online; accessed February 2014} ,
	Year = 2013}

@article{katz2011,
	Author = {Katz, R.},
	Howpublished = {\url{http://www.itu.int/ITU-D/treg/broadband/ITU-BB-Reports_Impact-of-Broadband-on-the-Economy.pdf}},
	Journal = {Trends in Telecommunication reform 2010},
	Pages = {23--82},
	Title = {The impact of broadband on the economy: Research to date and policy issues},
	Volume = {11},
	Year = {2011}}

@inproceedings{caesar2005,
	Acmid = {1251205},
	Address = {Berkeley, CA, USA},
	Author = {Caesar, M. and Caldwell, D. and Feamster, N. and Rexford, J. and Shaikh, A. and van der Merwe, J.},
	Booktitle = {Proceedings of the 2nd Conference on Symposium on Networked Systems Design \& Implementation - Volume 2},
	Numpages = {14},
	Pages = {15--28},
	Publisher = {USENIX Association},
	Series = {NSDI'05},
	Title = {{Design and Implementation of a Routing Control Platform}},
	Url = {http://dl.acm.org/citation.cfm?id=1251203.1251205},
	Year = {2005},
	Bdsk-Url-1 = {http://dl.acm.org/citation.cfm?id=1251203.1251205}}

@article{vahdat2002,
	Acmid = {844154},
	Address = {New York, NY, USA},
	Author = {Vahdat, A. and Yocum, K. and Walsh, K. and Mahadevan, P. and Kosti\'{c}, D. and Chase, J. and Becker, D.},
	Doi = {10.1145/844128.844154},
	Issn = {0163-5980},
	Issue_Date = {Winter 2002},
	Journal = {SIGOPS Oper. Syst. Rev.},
	Month = dec,
	Number = {SI},
	Numpages = {14},
	Pages = {271--284},
	Publisher = {ACM},
	Title = {{Scalability and Accuracy in a Large-scale Network Emulator}},
	Url = {http://doi.acm.org/10.1145/844128.844154},
	Volume = {36},
	Year = {2002},
	Bdsk-Url-1 = {http://doi.acm.org/10.1145/844128.844154},
	Bdsk-Url-2 = {http://dx.doi.org/10.1145/844128.844154}}

@inproceedings{puljiz06,
	Author = {Puljiz, Z. and Mikuc, M.},
	Booktitle = {International Conference on Software in Telecommunications and Computer Networks},
    Series = {SoftCOM'06}, 
    Month = {Sept},
	Title = {{IMUNES Based Distributed Network Emulator}},
	Year = {2006}}

@article{gupta2011,
	Acmid = {1963560},
	Address = {New York, NY, USA},
	Articleno = {4},
	Author = {Gupta, D. and Vishwanath, K. V. and McNett, M. and Vahdat, A. and Yocum, K. and Snoeren, A. and Voelker, G. M.},
	Doi = {10.1145/1963559.1963560},
	Issn = {0734-2071},
	Issue_Date = {May 2011},
	Journal = {ACM Trans. Comput. Syst.},
	Keywords = {Virtualization, Xen, network emulation},
	Month = may,
	Number = {2},
	Numpages = {48},
	Pages = {4:1--4:48},
	Publisher = {ACM},
	Title = {{DieCast: Testing Distributed Systems with an Accurate Scale Model}},
	Url = {http://doi.acm.org/10.1145/1963559.1963560},
	Volume = {29},
	Year = {2011},
	Bdsk-Url-1 = {http://doi.acm.org/10.1145/1963559.1963560},
	Bdsk-Url-2 = {http://dx.doi.org/10.1145/1963559.1963560}}

@inproceedings{barford1998,
	Acmid = {277897},
	Address = {New York, NY, USA},
	Author = {Barford,P. and Crovella, M.},
	Booktitle = {Proceedings of the 1998 ACM SIGMETRICS Joint International Conference on Measurement and Modeling of Computer Systems},
	Doi = {10.1145/277851.277897},
	Isbn = {0-89791-982-3},
	Location = {Madison, Wisconsin, USA},
	Numpages = {10},
	Pages = {151--160},
	Publisher = {ACM},
	Series = {SIGMETRICS '98/PERFORMANCE '98},
	Title = {{Generating Representative Web Workloads for Network and Server Performance Evaluation}},
	Url = {http://doi.acm.org/10.1145/277851.277897},
	Year = {1998},
	Bdsk-Url-1 = {http://doi.acm.org/10.1145/277851.277897},
	Bdsk-Url-2 = {http://dx.doi.org/10.1145/277851.277897}}

@inproceedings{lang2004,
	Acmid = {1067373},
	Address = {New York, NY, USA},
	Author = {Lang, T. and Branch, P. and Armitage, G.},
	Booktitle = {Proceedings of the 2004 ACM SIGCHI International Conference on Advances in Computer Entertainment Technology},
	Doi = {10.1145/1067343.1067373},
	Isbn = {1-58113-882-2},
	Keywords = {Quake 3, internet, modeling, simulation, traffic},
	Location = {Singapore},
	Numpages = {6},
	Pages = {233--238},
	Publisher = {ACM},
	Series = {ACE '04},
	Title = {{A Synthetic Traffic Model for Quake3}},
	Url = {http://doi.acm.org/10.1145/1067343.1067373},
	Year = {2004},
	Bdsk-Url-1 = {http://doi.acm.org/10.1145/1067343.1067373},
	Bdsk-Url-2 = {http://dx.doi.org/10.1145/1067343.1067373}}

@misc{dnspoisonning,
	Author = {{Computer emergency response team}},
	Howpublished = {\url{http://www.kb.cert.org/vuls/id/800113}},
	Month = jul,
	Title = {{Vulnerability Note VU800113: Multiple DNS implementations vulnerable to cache poisoning}},
    note = {Online; accessed February 2014} ,
	Year = 2008}}

@misc{jsonrpc,
	Author = {{JSON-RPC Working Group} and others},
	Howpublished = {\url{http://www.jsonrpc.org/specification}},
	Title = {Json-rpc 2.0 specification},
    note = {Online; accessed February 2014} ,
	Year = 2012}

@misc{vtun,
	Author = {{VTun}},
	Howpublished = {\url{http://vtun.sourceforge.net}},
	Title = {{VTun - virtual Tunnels over TCP/IP networks}},
    note = {Online; accessed February 2014} ,
	Year = 2012}

@misc{openvpn,
	Howpublished = {\url{http://openvpn.net}},
	Author = {OpenVPN},
	Title = {{OpenVPN}},
    note = {Online; accessed February 2014} ,
	Year = 2014}

@misc{iodine,
	Howpublished = {\url{http://code.kryo.se/iodine/}},
	Author = {iodine},
	Title = {{iodine (IP-over-DNS, IPv4 over DNS tunnel)}},
    note = {Online; accessed February 2014} ,
	Year = 2014}

@misc{ec2instances,
	Author = {{Amazon}},
	Howpublished = {\url{http://aws.amazon.com/ec2/instance-types/}},
	Title = {{ EC2 Instances}},
    note = {Online; accessed February 2014} ,
	Year = 2014}

@article{dukkipati2006,
	Acmid = {1111336},
	Address = {New York, NY, USA},
	Author = {Dukkipati, N. and McKeown, N.},
	Doi = {10.1145/1111322.1111336},
	Issn = {0146-4833},
	Issue_Date = {January 2006},
	Journal = {SIGCOMM Comput. Commun. Rev.},
	Month = jan,
	Number = {1},
	Numpages = {4},
	Pages = {59--62},
	Publisher = {ACM},
	Title = {{Why Flow-completion Time is the Right Metric for Congestion Control}},
	Url = {http://doi.acm.org/10.1145/1111322.1111336},
	Volume = {36},
	Year = {2006},
	Bdsk-Url-1 = {http://doi.acm.org/10.1145/1111322.1111336},
	Bdsk-Url-2 = {http://dx.doi.org/10.1145/1111322.1111336}}

@book{peterson2011,
	Author = {Peterson, L.L. and Davie, B.S.},
	Isbn = {9780123850607},
	Publisher = {Elsevier Science},
	Series = {The Morgan Kaufmann Series in Networking},
	Title = {{Computer Networks: A Systems Approach}},
	Url = {http://books.google.co.uk/books?id=BvaFreun1W8C},
	Year = {2011},
	Bdsk-Url-1 = {http://books.google.co.uk/books?id=BvaFreun1W8C}}

@techreport{cheng13,
	Author = {Cheng, Y. and Chu, J. and Radhakrishnan, S. and Jain, A.},
	Day = 24,
	Institution = {IETF},
	Month = oct,
	Number = {draft-ietf-tcpm-fastopen-05.txt},
	Title = {{TCP Fast Open}},
	Type = {Internet-Draft},
	Year = 2013}

@inproceedings{liu2011,
	Acmid = {2068823},
	Address = {New York, NY, USA},
	Author = {Liu, Y. and Gummadi, K. P. and Krishnamurthy, B. and Mislove, A.},
	Booktitle = {Proceedings of the 2011 ACM SIGCOMM Conference on Internet Measurement Conference},
	Doi = {10.1145/2068816.2068823},
	Isbn = {978-1-4503-1013-0},
	Keywords = {facebook, measurement, online social networks, privacy},
	Location = {Berlin, Germany},
	Numpages = {10},
	Pages = {61--70},
	Publisher = {ACM},
	Series = {IMC '11},
	Title = {{Analyzing Facebook Privacy Settings: User Expectations vs. Reality}},
	Url = {http://doi.acm.org/10.1145/2068816.2068823},
	Year = {2011},
	Bdsk-Url-1 = {http://doi.acm.org/10.1145/2068816.2068823},
	Bdsk-Url-2 = {http://dx.doi.org/10.1145/2068816.2068823}}

@misc{virtex5,
	Author = {{Xilinx~Inc.}},
	Howpublished = {\url{http://www.xilinx.com/support/documentation/data_sheets/ds100.pdf}},
	Key = {Virtex-5},
	Title = {{Virtex-5 Family Overview}},
    note = {Online; accessed February 2014} ,
	Year = 2009}

@misc{RFC0354,
	Author = {A.K. Bhushan},
	Howpublished = {RFC 354},
	Month = jul,
	ignNote = {Obsoleted by RFC 542, updated by RFCs 385, 454, 683},
	Number = {354},
	Organization = {Internet Engineering Task Force},
	Publisher = {IETF},
	Series = {Request for Comments},
	Title = {{File Transfer Protocol}},
	Url = {http://www.ietf.org/rfc/rfc354.txt},
	Year = 1972,
	Bdsk-Url-1 = {http://www.ietf.org/rfc/rfc354.txt}}

@misc{RFC0561,
	Author = {A.K. Bhushan and K.T. Pogran and R.S. Tomlinson and J.E. White},
	Howpublished = {RFC 561},
	Month = sep,
	ignNote = {Updated by RFC 680},
	Number = {561},
	Organization = {Internet Engineering Task Force},
	Publisher = {IETF},
	Series = {Request for Comments},
	Title = {{Standardizing Network Mail Headers}},
	Url = {http://www.ietf.org/rfc/rfc561.txt},
	Year = 1973,
	Bdsk-Url-1 = {http://www.ietf.org/rfc/rfc561.txt}}

@misc{RFC0741,
	Author = {D. Cohen},
	Howpublished = {RFC 741},
	Month = nov,
	Number = {741},
	Organization = {Internet Engineering Task Force},
	Publisher = {IETF},
	Series = {Request for Comments},
	Title = {{Specifications for the Network Voice Protocol (NVP)}},
	Url = {http://www.ietf.org/rfc/rfc741.txt},
	Year = 1977,
	Bdsk-Url-1 = {http://www.ietf.org/rfc/rfc741.txt}}

@misc{RFC0791,
	Author = {J. Postel},
	Howpublished = {RFC 791 (INTERNET STANDARD)},
	Month = sep,
	ignNote = {Updated by RFCs 1349, 2474, 6864},
	Number = {791},
	Organization = {Internet Engineering Task Force},
	Publisher = {IETF},
	Series = {Request for Comments},
	Title = {{Internet Protocol}},
	Url = {http://www.ietf.org/rfc/rfc791.txt},
	Year = 1981,
	Bdsk-Url-1 = {http://www.ietf.org/rfc/rfc791.txt}}

@misc{RFC793,
	Author = {J. Postel},
	Howpublished = {RFC 793 (INTERNET STANDARD)},
	Month = sep,
	ignNote = {Updated by RFCs 1122, 3168, 6093, 6528},
	Number = {793},
	Organization = {Internet Engineering Task Force},
	Publisher = {IETF},
	Series = {Request for Comments},
	Title = {{Transmission Control Protocol}},
	Url = {http://www.ietf.org/rfc/rfc793.txt},
	Year = 1981,
	Bdsk-Url-1 = {http://www.ietf.org/rfc/rfc793.txt}}

@misc{RFC894,
	Author = {C. Hornig},
	Howpublished = {RFC 894 (INTERNET STANDARD)},
	Month = apr,
	Number = {894},
	Organization = {Internet Engineering Task Force},
	Publisher = {IETF},
	Series = {Request for Comments},
	Title = {{A Standard for the Transmission of IP Datagrams over Ethernet Networks}},
	Url = {http://www.ietf.org/rfc/rfc894.txt},
	Year = 1984,
	Bdsk-Url-1 = {http://www.ietf.org/rfc/rfc894.txt}}

@misc{RFC1034,
	Author = {P.V. Mockapetris},
	Howpublished = {RFC 1034 (INTERNET STANDARD)},
	Month = nov,
	ignNote = {Updated by RFCs 1101, 1183, 1348, 1876, 1982, 2065, 2181, 2308, 2535, 4033, 4034, 4035, 4343, 4035, 4592, 5936},
	Number = {1034},
	Organization = {Internet Engineering Task Force},
	Publisher = {IETF},
	Series = {Request for Comments},
	Title = {{Domain names - concepts and facilities}},
	Url = {http://www.ietf.org/rfc/rfc1034.txt},
	Year = 1987,
	Bdsk-Url-1 = {http://www.ietf.org/rfc/rfc1034.txt}}

@misc{RFC1094,
	Author = {B. Nowicki},
	Howpublished = {RFC 1094 (Informational)},
	Month = mar,
	Number = {1094},
	Organization = {Internet Engineering Task Force},
	Publisher = {IETF},
	Series = {Request for Comments},
	Title = {{NFS: Network File System Protocol specification}},
	Url = {http://www.ietf.org/rfc/rfc1094.txt},
	Year = 1989,
	Bdsk-Url-1 = {http://www.ietf.org/rfc/rfc1094.txt}}

@misc{RFC1122,
	Author = {R. Braden},
	Howpublished = {RFC 1122 (INTERNET STANDARD)},
	Month = oct,
	ignNote = {Updated by RFCs 1349, 4379, 5884, 6093, 6298, 6633, 6864},
	Number = {1122},
	Organization = {Internet Engineering Task Force},
	Publisher = {IETF},
	Series = {Request for Comments},
	Title = {{Requirements for Internet Hosts - Communication Layers}},
	Url = {http://www.ietf.org/rfc/rfc1122.txt},
	Year = 1989,
	Bdsk-Url-1 = {http://www.ietf.org/rfc/rfc1122.txt}}

@misc{RFC1142,
	Author = {D. Oran},
	Howpublished = {RFC 1142 (Historic)},
	Month = feb,
	ignNote = {Obsoleted by RFC 7142},
	Number = {1142},
	Organization = {Internet Engineering Task Force},
	Publisher = {IETF},
	Series = {Request for Comments},
	Title = {{OSI IS-IS Intra-domain Routing Protocol}},
	Url = {http://www.ietf.org/rfc/rfc1142.txt},
	Year = 1990,
	Bdsk-Url-1 = {http://www.ietf.org/rfc/rfc1142.txt}}

@misc{RFC1265,
	Author = {Y. Rekhter},
	Howpublished = {RFC 1265 (Informational)},
	Month = oct,
	Number = {1265},
	Organization = {Internet Engineering Task Force},
	Publisher = {IETF},
	Series = {Request for Comments},
	Title = {{BGP Protocol Analysis}},
	Url = {http://www.ietf.org/rfc/rfc1265.txt},
	Year = 1991,
	Bdsk-Url-1 = {http://www.ietf.org/rfc/rfc1265.txt}}

@misc{RFC1883,
	Author = {S. Deering and R. Hinden},
	Howpublished = {RFC 1883 (Proposed Standard)},
	Month = dec,
	ignNote = {Obsoleted by RFC 2460},
	Number = {1883},
	Organization = {Internet Engineering Task Force},
	Publisher = {IETF},
	Series = {Request for Comments},
	Title = {{Internet Protocol, Version 6 (IPv6) Specification}},
	Url = {http://www.ietf.org/rfc/rfc1883.txt},
	Year = 1995,
	Bdsk-Url-1 = {http://www.ietf.org/rfc/rfc1883.txt}}

@misc{RFC2328,
	Author = {J. Moy},
	Howpublished = {RFC 2328 (INTERNET STANDARD)},
	Month = apr,
	ignNote = {Updated by RFCs 5709, 6549, 6845, 6860},
	Number = {2328},
	Organization = {Internet Engineering Task Force},
	Publisher = {IETF},
	Series = {Request for Comments},
	Title = {{OSPF Version 2}},
	Url = {http://www.ietf.org/rfc/rfc2328.txt},
	Year = 1998,
	Bdsk-Url-1 = {http://www.ietf.org/rfc/rfc2328.txt}}

@misc{RFC2453,
	Author = {G. Malkin},
	Howpublished = {RFC 2453 (INTERNET STANDARD)},
	Month = nov,
	ignNote = {Updated by RFC 4822},
	Number = {2453},
	Organization = {Internet Engineering Task Force},
	Publisher = {IETF},
	Series = {Request for Comments},
	Title = {{RIP Version 2}},
	Url = {http://www.ietf.org/rfc/rfc2453.txt},
	Year = 1998,
	Bdsk-Url-1 = {http://www.ietf.org/rfc/rfc2453.txt}}

@misc{RFC2475,
	Author = {S. Blake and D. Black and M. Carlson and E. Davies and Z. Wang and W. Weiss},
	Howpublished = {RFC 2475 (Informational)},
	Month = dec,
	ignNote = {Updated by RFC 3260},
	Number = {2475},
	Organization = {Internet Engineering Task Force},
	Publisher = {IETF},
	Series = {Request for Comments},
	Title = {{An Architecture for Differentiated Services}},
	Url = {http://www.ietf.org/rfc/rfc2475.txt},
	Year = 1998,
	Bdsk-Url-1 = {http://www.ietf.org/rfc/rfc2475.txt}}

@misc{RFC2631,
	Author = {E. Rescorla},
	Howpublished = {RFC 2631 (Proposed Standard)},
	Month = jun,
	Number = {2631},
	Organization = {Internet Engineering Task Force},
	Publisher = {IETF},
	Series = {Request for Comments},
	Title = {{Diffie-Hellman Key Agreement Method}},
	Url = {http://www.ietf.org/rfc/rfc2631.txt},
	Year = 1999,
	Bdsk-Url-1 = {http://www.ietf.org/rfc/rfc2631.txt}}

@misc{RFC2911,
	Author = {T. Hastings and R. Herriot and R. deBry and S. Isaacson and P. Powell},
	Howpublished = {RFC 2911 (Proposed Standard)},
	Month = sep,
	ignNote = {Updated by RFCs 3380, 3382, 3996, 3995},
	Number = {2911},
	Organization = {Internet Engineering Task Force},
	Publisher = {IETF},
	Series = {Request for Comments},
	Title = {{Internet Printing Protocol/1.1: Model and Semantics}},
	Url = {http://www.ietf.org/rfc/rfc2911.txt},
	Year = 2000,
	Bdsk-Url-1 = {http://www.ietf.org/rfc/rfc2911.txt}}

@misc{RFC2931,
	Author = {D. {Eastlake 3rd}},
	Howpublished = {RFC 2931 (Proposed Standard)},
	Month = sep,
	Number = {2931},
	Organization = {Internet Engineering Task Force},
	Publisher = {IETF},
	Series = {Request for Comments},
	Title = {{DNS Request and Transaction Signatures ( SIG(0)s )}},
	Url = {http://www.ietf.org/rfc/rfc2931.txt},
	Year = 2000,
	Bdsk-Url-1 = {http://www.ietf.org/rfc/rfc2931.txt}}

@misc{RFC2992,
	Author = {C. Hopps},
	Howpublished = {RFC 2992 (Informational)},
	Month = nov,
	Number = {2992},
	Organization = {Internet Engineering Task Force},
	Publisher = {IETF},
	Series = {Request for Comments},
	Title = {{Analysis of an Equal-Cost Multi-Path Algorithm}},
	Url = {http://www.ietf.org/rfc/rfc2992.txt},
	Year = 2000,
	Bdsk-Url-1 = {http://www.ietf.org/rfc/rfc2992.txt}}

@misc{RFC3031,
	Author = {E. Rosen and A. Viswanathan and R. Callon},
	Howpublished = {RFC 3031 (Proposed Standard)},
	Month = jan,
	ignNote = {Updated by RFCs 6178, 6790},
	Number = {3031},
	Organization = {Internet Engineering Task Force},
	Publisher = {IETF},
	Series = {Request for Comments},
	Title = {{Multiprotocol Label Switching Architecture}},
	Url = {http://www.ietf.org/rfc/rfc3031.txt},
	Year = 2001,
	Bdsk-Url-1 = {http://www.ietf.org/rfc/rfc3031.txt}}

@misc{RFC3209,
	Author = {D. Awduche and L. Berger and D. Gan and T. Li and V. Srinivasan and G. Swallow},
	Howpublished = {RFC 3209 (Proposed Standard)},
	Month = dec,
	ignNote = {Updated by RFCs 3936, 4420, 4874, 5151, 5420, 5711, 6780, 6790},
	Number = {3209},
	Organization = {Internet Engineering Task Force},
	Publisher = {IETF},
	Series = {Request for Comments},
	Title = {{RSVP-TE: Extensions to RSVP for LSP Tunnels}},
	Url = {http://www.ietf.org/rfc/rfc3209.txt},
	Year = 2001,
	Bdsk-Url-1 = {http://www.ietf.org/rfc/rfc3209.txt}}

@misc{RFC3234,
	Author = {B. Carpenter and S. Brim},
	Howpublished = {RFC 3234 (Informational)},
	Month = feb,
	Number = {3234},
	Organization = {Internet Engineering Task Force},
	Publisher = {IETF},
	Series = {Request for Comments},
	Title = {{Middleboxes: Taxonomy and Issues}},
	Url = {http://www.ietf.org/rfc/rfc3234.txt},
	Year = 2002,
	Bdsk-Url-1 = {http://www.ietf.org/rfc/rfc3234.txt}}

@misc{RFC3286,
	Author = {L. Ong and J. Yoakum},
	Howpublished = {RFC 3286 (Informational)},
	Month = may,
	Number = {3286},
	Organization = {Internet Engineering Task Force},
	Publisher = {IETF},
	Series = {Request for Comments},
	Title = {{An Introduction to the Stream Control Transmission Protocol (SCTP)}},
	Url = {http://www.ietf.org/rfc/rfc3286.txt},
	Year = 2002,
	Bdsk-Url-1 = {http://www.ietf.org/rfc/rfc3286.txt}}

@misc{RFC3292,
	Author = {A. Doria and F. Hellstrand and K. Sundell and T. Worster},
	Howpublished = {RFC 3292 (Proposed Standard)},
	Month = jun,
	Number = {3292},
	Organization = {Internet Engineering Task Force},
	Publisher = {IETF},
	Series = {Request for Comments},
	Title = {{General Switch Management Protocol (GSMP) V3}},
	Url = {http://www.ietf.org/rfc/rfc3292.txt},
	Year = 2002,
	Bdsk-Url-1 = {http://www.ietf.org/rfc/rfc3292.txt}}

@misc{RFC3489,
	Author = {J. Rosenberg and J. Weinberger and C. Huitema and R. Mahy},
	Howpublished = {RFC 3489 (Proposed Standard)},
	Month = mar,
	ignNote = {Obsoleted by RFC 5389},
	Number = {3489},
	Organization = {Internet Engineering Task Force},
	Publisher = {IETF},
	Series = {Request for Comments},
	Title = {{STUN - Simple Traversal of User Datagram Protocol (UDP) Through Network Address Translators (NATs)}},
	Url = {http://www.ietf.org/rfc/rfc3489.txt},
	Year = 2003,
	Bdsk-Url-1 = {http://www.ietf.org/rfc/rfc3489.txt}}

@misc{RFC3568,
	Author = {A. Barbir and B. Cain and R. Nair and O. Spatscheck},
	Howpublished = {RFC 3568 (Informational)},
	Month = jul,
	Number = {3568},
	Organization = {Internet Engineering Task Force},
	Publisher = {IETF},
	Series = {Request for Comments},
	Title = {{Known Content Network (CN) Request-Routing Mechanisms}},
	Url = {http://www.ietf.org/rfc/rfc3568.txt},
	Year = 2003,
	Bdsk-Url-1 = {http://www.ietf.org/rfc/rfc3568.txt}}

@misc{RFC4034,
	Author = {R. Arends and R. Austein and M. Larson and D. Massey and S. Rose},
	Howpublished = {RFC 4034 (Proposed Standard)},
	Month = mar,
	ignNote = {Updated by RFCs 4470, 6014, 6840, 6944},
	Number = {4034},
	Organization = {Internet Engineering Task Force},
	Publisher = {IETF},
	Series = {Request for Comments},
	Title = {{Resource Records for the DNS Security Extensions}},
	Url = {http://www.ietf.org/rfc/rfc4034.txt},
	Year = 2005,
	Bdsk-Url-1 = {http://www.ietf.org/rfc/rfc4034.txt}}

@misc{samba,
	Author = {Leach,P. J. and Naik, D. C.},
	Howpublished = {\url{http://www.ubiqx.org/cifs/rfc-draft/draft-leach-cifs-v1-spec-02.txt}},
	Month = mar,
	Title = {A Common Internet File System (CIFS/1.0) Protocol},
	Year = 1997}

@misc{RFC4245,
	Author = {O. Levin and R. Even},
	Howpublished = {RFC 4245 (Informational)},
	Month = nov,
	Number = {4245},
	Organization = {Internet Engineering Task Force},
	Publisher = {IETF},
	Series = {Request for Comments},
	Title = {{High-Level Requirements for Tightly Coupled SIP Conferencing}},
	Url = {http://www.ietf.org/rfc/rfc4245.txt},
	Year = 2005,
	Bdsk-Url-1 = {http://www.ietf.org/rfc/rfc4245.txt}}

@misc{RFC4253,
	Author = {T. Ylonen and C. Lonvick},
	Howpublished = {RFC 4253 (Proposed Standard)},
	Month = jan,
	ignNote = {Updated by RFC 6668},
	Number = {4253},
	Organization = {Internet Engineering Task Force},
	Publisher = {IETF},
	Series = {Request for Comments},
	Title = {{The Secure Shell (SSH) Transport Layer Protocol}},
	Url = {http://www.ietf.org/rfc/rfc4253.txt},
	Year = 2006,
	Bdsk-Url-1 = {http://www.ietf.org/rfc/rfc4253.txt}}

@misc{RFC4456,
	Author = {T. Bates and E. Chen and R. Chandra},
	Howpublished = {RFC 4456 (Draft Standard)},
	Month = apr,
	Number = {4456},
	Organization = {Internet Engineering Task Force},
	Publisher = {IETF},
	Series = {Request for Comments},
	Title = {{BGP Route Reflection: An Alternative to Full Mesh Internal BGP (IBGP)}},
	Url = {http://www.ietf.org/rfc/rfc4456.txt},
	Year = 2006,
	Bdsk-Url-1 = {http://www.ietf.org/rfc/rfc4456.txt}}

@misc{RFC4641,
	Author = {O. Kolkman and R. Gieben},
	Howpublished = {RFC 4641 (Informational)},
	Month = sep,
	ignNote = {Obsoleted by RFC 6781},
	Number = {4641},
	Organization = {Internet Engineering Task Force},
	Publisher = {IETF},
	Series = {Request for Comments},
	Title = {{DNSSEC Operational Practices}},
	Url = {http://www.ietf.org/rfc/rfc4641.txt},
	Year = 2006,
	Bdsk-Url-1 = {http://www.ietf.org/rfc/rfc4641.txt}}

@misc{RFC5036,
	Author = {L. Andersson and I. Minei and B. Thomas},
	Howpublished = {RFC 5036 (Draft Standard)},
	Month = oct,
	ignNote = {Updated by RFCs 6720, 6790},
	Number = {5036},
	Organization = {Internet Engineering Task Force},
	Publisher = {IETF},
	Series = {Request for Comments},
	Title = {{LDP Specification}},
	Url = {http://www.ietf.org/rfc/rfc5036.txt},
	Year = 2007,
	Bdsk-Url-1 = {http://www.ietf.org/rfc/rfc5036.txt}}

@misc{RFC5074,
	Author = {S. Weiler},
	Howpublished = {RFC 5074 (Informational)},
	Month = nov,
	Number = {5074},
	Organization = {Internet Engineering Task Force},
	Publisher = {IETF},
	Series = {Request for Comments},
	Title = {{DNSSEC Lookaside Validation (DLV)}},
	Url = {http://www.ietf.org/rfc/rfc5074.txt},
	Year = 2007,
	Bdsk-Url-1 = {http://www.ietf.org/rfc/rfc5074.txt}}

@misc{RFC5387,
	Author = {J. Touch and D. Black and Y. Wang},
	Howpublished = {RFC 5387 (Informational)},
	Month = nov,
	Number = {5387},
	Organization = {Internet Engineering Task Force},
	Publisher = {IETF},
	Series = {Request for Comments},
	Title = {{Problem and Applicability Statement for Better-Than-Nothing Security (BTNS)}},
	Url = {http://www.ietf.org/rfc/rfc5387.txt},
	Year = 2008,
	Bdsk-Url-1 = {http://www.ietf.org/rfc/rfc5387.txt}}

@misc{RFC5562,
	Author = {A. Kuzmanovic and A. Mondal and S. Floyd and K. Ramakrishnan},
	Howpublished = {RFC 5562 (Experimental)},
	Month = jun,
	Number = {5562},
	Organization = {Internet Engineering Task Force},
	Publisher = {IETF},
	Series = {Request for Comments},
	Title = {{Adding Explicit Congestion Notification (ECN) Capability to TCP's SYN/ACK Packets}},
	Url = {http://www.ietf.org/rfc/rfc5562.txt},
	Year = 2009,
	Bdsk-Url-1 = {http://www.ietf.org/rfc/rfc5562.txt}}

@misc{RFC5661,
	Author = {S. Shepler and M. Eisler and D. Noveck},
	Howpublished = {RFC 5661 (Proposed Standard)},
	Month = jan,
	Number = {5661},
	Organization = {Internet Engineering Task Force},
	Publisher = {IETF},
	Series = {Request for Comments},
	Title = {{Network File System (NFS) Version 4 Minor Version 1 Protocol}},
	Url = {http://www.ietf.org/rfc/rfc5661.txt},
	Year = 2010,
	Bdsk-Url-1 = {http://www.ietf.org/rfc/rfc5661.txt}}

@misc{RFC6143,
	Author = {T. Richardson and J. Levine},
	Howpublished = {RFC 6143 (Informational)},
	Month = mar,
	Number = {6143},
	Organization = {Internet Engineering Task Force},
	Publisher = {IETF},
	Series = {Request for Comments},
	Title = {{The Remote Framebuffer Protocol}},
	Url = {http://www.ietf.org/rfc/rfc6143.txt},
	Year = 2011,
	Bdsk-Url-1 = {http://www.ietf.org/rfc/rfc6143.txt}}

@misc{RFC6762,
	Author = {S. Cheshire and M. Krochmal},
	Howpublished = {RFC 6762 (Proposed Standard)},
	Month = feb,
	Number = {6762},
	Organization = {Internet Engineering Task Force},
	Publisher = {IETF},
	Series = {Request for Comments},
	Title = {{Multicast DNS}},
	Url = {http://www.ietf.org/rfc/rfc6762.txt},
	Year = 2013,
	Bdsk-Url-1 = {http://www.ietf.org/rfc/rfc6762.txt}}

@misc{RFC6763,
	Author = {S. Cheshire and M. Krochmal},
	Howpublished = {RFC 6763 (Proposed Standard)},
	Month = feb,
	Number = {6763},
	Organization = {Internet Engineering Task Force},
	Publisher = {IETF},
	Series = {Request for Comments},
	Title = {{DNS-Based Service Discovery}},
	Url = {http://www.ietf.org/rfc/rfc6763.txt},
	Year = 2013,
	Bdsk-Url-1 = {http://www.ietf.org/rfc/rfc6763.txt}}

@misc{RFC6824,
	Author = {A. Ford and C. Raiciu and M. Handley and O. Bonaventure},
	Howpublished = {RFC 6824 (Experimental)},
	Month = jan,
	Number = {6824},
	Organization = {Internet Engineering Task Force},
	Publisher = {IETF},
	Series = {Request for Comments},
	Title = {{TCP Extensions for Multipath Operation with Multiple Addresses}},
	Url = {http://www.ietf.org/rfc/rfc6824.txt},
	Year = 2013,
	Bdsk-Url-1 = {http://www.ietf.org/rfc/rfc6824.txt}}

@inproceedings{Bauer11,
    author = {Bauer, S. and Clark, D. and Lehr, W.},
    title = {PowerBoost},
    booktitle = {Proceedings of the 2nd ACM SIGCOMM Workshop on Home Networks},
    series = {HomeNets '11},
    year = {2011},
    isbn = {978-1-4503-0798-7},
    location = {Toronto, Ontario, Canada},
    pages = {7--12},
    numpages = {6},
    url = {http://doi.acm.org/10.1145/2018567.2018570},
    doi = {10.1145/2018567.2018570},
    acmid = {2018570},
    publisher = {ACM},
    address = {New York, NY, USA},
    keywords = {applications., broadband access, token bucket},}

@inproceedings{Kim11b,
    author = {Kim, W. and Roopakalu, A. and Li, K. Y. and Pai, V. S.},
    title = {Understanding and Characterizing PlanetLab Resource Usage for Federated Network Testbeds},
    booktitle = {Proceedings of the 2011 ACM SIGCOMM Conference on Internet Measurement Conference},
    series = {IMC '11},
    year = {2011},
    isbn = {978-1-4503-1013-0},
    location = {Berlin, Germany},
    pages = {515--532},
    numpages = {18},
    url = {http://doi.acm.org/10.1145/2068816.2068864},
    doi = {10.1145/2068816.2068864},
    acmid = {2068864},
    publisher = {ACM},
    address = {New York, NY, USA},
    keywords = {PlanetLab, characterization, network testbeds},
} 

@article{Dukkipati10,
    author = {Dukkipati, N. and Refice, T. and Cheng, Y. and Chu, J. and Herbert, T. and Agarwal, A.
        and Jain, A. and Sutin, N.},
    title = {An Argument for Increasing TCP's Initial Congestion Window},
    journal = {SIGCOMM Comput. Commun. Rev.},
    issue_date = {July 2010},
    volume = {40},
    number = {3},
    month = jun,
    year = {2010},
    issn = {0146-4833},
    pages = {26--33},
    numpages = {8},
    url = {http://doi.acm.org/10.1145/1823844.1823848},
    doi = {10.1145/1823844.1823848},
    acmid = {1823848},
    publisher = {ACM},
    address = {New York, NY, USA},} 

